3130 5308
650 557 828 608 sorrentu.
1281 548 1321 612 91

169 722 221 794 ΙΙΙ)
238 739 286 794 tos
327 743 498 811 servosque
538 724 686 813 pnbliose
718 729 782 804 rei,
815 750 879 796 nou
911 726 1181 817 studiispriretis
1205 753 1264 800 nee
1285 755 1323 802 cn

168 829 451 900 commendatione
485 841 541 896 aut
583 831 731 919 precibus
765 834 983 902 centurionem
1019 832 1173 932 militesve
1200 838 1323 916 ercisc,

171 936 231 1006 sed
262 936 421 1029 optimum
445 956 606 1024 quemque
629 937 818 1004 fidissimum
842 952 977 1029 pnttre;
1004 939 1111 1008 omnis
1134 942 1234 1021 seue,
1259 964 1324 1012 nou

174 1085 307 1137 Minucius
331 1084 432 1134 eandem
453 1085 555 1150 publice
579 1088 729 1138 curationem

774 1089 844 1139 iitiue
869 1089 1014 1138 muneribus
1038 1087 1138 1139 liberent
1154 1096 1239 1148 eruut,
1256 1089 1322 1140 benc·

173 1183 270 1234 apere,
294 1183 367 1231 mnu
397 1165 509 1216 Maelius
521 1165 642 1232 privatin
657 1183 730 1234 open·
769 1168 872 1232 ficinrii
895 1170 1102 1228 neminemnam
1117 1169 1224 1232 singuiis
1240 1177 1324 1222 neten

174 1248 236 1297 dene
260 1251 417 1312 susceperat,
443 1246 480 1296 ed
502 1255 612 1296 suentem
636 1250 728 1314 refert.

175 1330 234 1378 Ubi
258 1329 324 1379 mnie
349 1328 479 1391 legebatur
503 1327 542 1377 rei
554 1328 679 1394 publicae.
695 1331 727 1380 ci.

173 1409 289 1460 Grcnov.
316 1409 397 1458 Tacit.
423 1408 521 1458 Hister.
547 1410 568 1458 1.
593 1415 633 1460 ⁵8.
652 1407 728 1460 Mini-

171 1490 256 1539 ctcrr'n
269 1489 437 1554 principatus,
453 1503 500 1555 per
517 1489 616 1540 libertos
631 1491 676 1556 epi
691 1507 728 1540 sc·

173 1569 233 1622 tire.
260 1570 357 1620 Annei·
386 1570 453 1620 XII.
476 1577 517 1621 40.
535 1569 645 1632 Didius,
662 1587 728 1622 senc-

172 1658 243 1700 ctute
263 1651 349 1716 prunis
364 1657 390 1700 et
413 1650 491 1700 multe
506 1652 580 1718 copie
597 1652 727 1716 bonerum,

169 1747 223 1798 per
247 1731 373 1782 ministros
397 1747 479 1797 apere.
507 1732 629 1797 Agrieob
645 1741 728 1785 entem

172 1815 279 1866 libertos
302 1827 436 1878 serresque
460 1815 531 1877 pdrvi
547 1815 661 1866 ieciebnt.
680 1817 728 1866 Te·

172 1896 242 1945 citus
257 1897 284 1944 in
301 1910 332 1945 eo
349 1896 384 1944 eie
400 1895 526 1944 laudando
543 1903 568 1947 et
584 1899 678 1960 priores
694 1898 727 1948 le·

173 1981 261 2040 gustos,
279 1982 304 2026 et
321 1975 441 2026 Cnesnree
457 1976 624 2040 reprehendit.
655 1978 729 2028 Idem

174 2059 237 2108 {ecit
253 2059 280 2107 in
295 2057 415 2108 Germett.
434 2061 474 2106 tt.
491 2055 590 2107 Iriberti
606 2074 653 2107 nen
669 2058 728 2108 mul·

177 2148 229 2188 turn
253 2155 333 2204 supro
357 2154 440 2188 seruos
461 2146 532 2188 uenti
549 2154 610 2188 rare
627 2137 731 2203 aliquod

175 2227 317 2267 nomentum
341 2219 367 2268 in
389 2219 472 2280 duno,
490 2235 612 2284 nunqnam
628 2220 654 2269 r'n
671 2220 728 2270 civi·

175 2306 238 2347 tete.
272 2299 407 2363 Agricolae
431 2315 490 2350 eune
513 2301 613 2351 bonesti
642 2315 728 2352 senens

177 2379 307 2429 Romanus
331 2381 379 2430 boc
404 2383 552 2446 inspirebst,
578 2391 603 2433 et
625 2391 729 2433 noveret

173 2463 307 2526 epistolem
331 2462 459 2512 Ciceronis
472 2465 504 2512 ed
522 2464 555 2525 Q.
573 2464 688 2514 Fratrem
705 2465 727 2513 1.

175 2557 197 2592 1.
219 2547 242 2590 l.
259 2544 398 2592 mouentis:
416 2544 443 2593 ni
460 2545 516 2607 puis
529 2560 560 2593 er
576 2546 729 2610 sereiseyre·

172 2622 220 2688 pic
238 2620 324 2684 fidelis
352 2625 387 2673 sit
412 2624 438 2673 in
462 2623 601 2675 domesticis
616 2627 690 2676 rebus
705 2634 729 2675 et

173 2704 303 2770 privetie;
331 2720 395 2769 puae
418 2721 460 2754 res
475 2705 512 2755 cd
526 2705 630 2771 officium
646 2715 670 2755 et
687 2706 728 2756 irn-

172 2785 272 2852 perium
289 2795 356 2835 tuum
370 2787 543 2852 pertinebunt,
561 2787 591 2836 de
608 2787 641 2836 r’r's
657 2789 729 2836 rebus

176 2881 209 2914 ne
226 2865 286 2932 qnid
300 2865 433 2931 attingent.
468 2866 555 2918 Multa
572 2869 646 2929 enirn
664 2885 729 2934 pune

175 2955 245 2996 recte
261 2947 375 2997 committi
391 2948 469 2998 seruis
480 2947 601 3010 fidelibus
615 2958 727 3015 possunt,

176 3037 258 3078 tamen
274 3029 391 3078 remonis
407 3036 432 3078 et
439 3029 630 3094 vituperationis
638 3045 728 3080 causeo

174 3109 347 3158 committenda
362 3125 408 3159 non
430 3119 495 3160 eunt.

217 3188 382 3240 Gentnrionern
411 3190 529 3242 militesne
554 3192 644 3241 ascire.
685 3191 729 3242 Sic

174 3270 260 3331 edidi,
283 3277 377 3321 secntm
394 3271 530 3332 Wexium,
547 3273 591 3336 qui
607 3273 654 3322 boe
671 3273 728 3323 effe·

171 3355 242 3403 cite
259 3351 339 3403 Codd.
357 3355 441 3404 Vetic.
459 3353 622 3402 centurionem
639 3353 728 3404 rentes

172 3433 278 3484 nescire.
305 3435 418 3484 Kritsiue
434 3433 608 3494 centurionem,
624 3435 727 3496 milites,

174 3529 224 3565 nee
239 3515 359 3565 militesne
374 3517 542 3566 necessarium
558 3523 641 3580 putet,
655 3532 727 3582 neyn-

173 3599 252 3646 detorr
277 3597 398 3661 preeiert,
424 3599 574 3647 sententium
591 3599 728 3647 secundnm

175 3677 301 3729 Wersium
318 3679 436 3741 explicet:
457 3679 535 3728 „Non
553 3680 634 3742 egitur
651 3681 681 3728 de
690 3680 727 3728 in·

175 3759 264 3808 etitute
288 3760 326 3808 rei
350 3760 483 3819 militarie,
510 3762 553 3810 ted
569 3761 601 3810 de
616 3776 669 3810 nne
685 3762 727 3810 nd·

174 3840 360 3891 ministretione
380 3843 522 3904 provinciee
549 3848 574 3891 et
598 3843 629 3890 de
644 3843 728 3892 mode·

175 3921 263 3970 medis
279 3923 472 3986 coercendisque
488 3924 533 3982 iis,
550 3923 594 3987 qni
610 3923 728 3972 ndedmi·

175 4002 319 4052 nistrendne
344 4005 486 4066 provinciae
501 4018 542 4054 ree
558 4003 663 4053 adhibiti
679 4006 728 4053 sirr-

175 4085 292 4148 gniisque
317 4085 404 4133 officiis
420 4087 554 4148 praepositi
570 4093 660 4136 essent.
678 4086 728 4134 Hie

175 4164 264 4214 officiis
288 4165 472 4229 apparitorum,
497 4166 625 4225 lictorum,
651 4167 728 4215 vinto-

176 4259 251 4303 rnm,
270 4245 420 4305 scribarum,
437 4259 603 4308 praeconum,
620 4247 728 4296 trumen-

177 4326 313 4386 teriorum,
335 4328 379 4390 qni
395 4327 579 4378 adhibebantur
595 4339 628 4376 ex
645 4327 729 4376 militi·

177 4408 224 4456 bne
240 4409 347 4468 tetes-ti,
365 4409 503 4459 efficiebent
520 4408 729 4458 cohortemaccen·

176 4503 272 4549 sernm,
300 4489 439 4560 iidemque,
461 4492 519 4555 quie
536 4506 551 4539 e
567 4488 669 4552 reliquie
685 4489 729 4539 mi-

774 1249 860 1300 officiis
884 1255 997 1314 prneeret
1020 1249 1141 1300 mutuno.
1163 1249 1221 1298 Iter
1237 1249 1323 1300 multis

774 1330 871 1381 recensi
895 1344 987 1380 munus
1011 1330 1199 1394 expetentibus,
1215 1331 1283 1394 qnod
1299 1337 1325 1382 et

773 1411 858 1462 minue
886 1411 1039 1461 inhonorum
1068 1417 1132 1461 erest
1159 1424 1237 1476 quem
1260 1410 1326 1465 im

773 1491 877 1552 militis,
909 1499 935 1542 et
959 1491 1034 1556 penio
1056 1490 1275 1552 honorificentius,
1300 1495 1325 1543 et

773 1574 849 1623 cimel
864 1574 935 1623 luce
941 1572 1055 1624 bcieudo
1062 1571 1326 1636 opportuninmpri·

773 1655 828 1704 eoln
852 1669 904 1704 non
920 1655 1009 1704 studiis
1025 1654 1129 1718 privetis
1145 1667 1192 1704 neo
1208 1667 1242 1704 ex
1257 1667 1324 1705 ocnrr

773 1735 934 1784 mendstionc
950 1741 994 1784 ent
1009 1734 1124 1798 precibus
1139 1735 1325 1794 oeutnrionenr,

773 1815 897 1865 militesve
913 1813 1007 1873 nscirr,
1024 1813 1042 1864 i.
1059 1827 1082 1863 e.
1099 1814 1126 1868 in
1141 1829 1265 1864 runeruu
1283 1830 1324 1865 ne·

773 1911 897 1946 censorum
912 1893 1036 1961 recipere,
1052 1894 1189 1945 eedtoinm
1205 1895 1324 1954 virtutem

773 1975 913 2042 marm„

813 2055 899 2106 annin
914 2056 992 2116 scire,
1009 2069 1056 2104 non
1071 2053 1152 2105 ernrdn
1164 2055 1272 2120 eccequi.
1282 2055 1324 2112 ln·

773 2144 893 2202 terpretes
925 2137 1054 2201 dtsputsm
1080 2136 1113 2186 dc
1143 2136 1326 2200 significatione

773 2220 851 2269 verbo
868 2217 969 2282 exsequi
983 2217 1130 2278 tribuendo,
1145 2217 1250 2284 punire,
1268 2233 1325 2268 oen·

773 2297 865 2349 minnere
890 2315 922 2348 err
948 2295 1125 2361 dissimulando
1150 2299 1324 2352 trasmittere.

775 2381 845 2432 Ordo
861 2381 1061 2444 significationis,
1078 2379 1324 2440 circumducen.

775 2459 907 2524 Eesequor
945 2458 1037 2519 ensnin,
1066 2459 1187 2510 eorunm
1216 2473 1323 2524 sequor,
1374 2451 1380 2464 ⁸

774 2556 919 2606 persequor,
937 2553 1073 2604 exequor,
1089 2539 1196 2602 vestigius
1210 2540 1325 2590 omnium

773 2635 872 2681 rernm,
889 2635 928 2670 res
944 2619 1098 2685 pervestigo,
1115 2620 1323 2690 inquiro‚srnpn.

776 2701 924 2756 retrudite.
942 2703 994 2764 Qui
1011 2708 1112 2766 peccatu
1128 2702 1284 2767 exsequitur,
1294 2719 1325 2756 eo

774 2786 881 2838 consilio
906 2785 979 2843 fecit,
1004 2790 1034 2834 et
1056 2782 1152 2847 puniet.
1187 2784 1325 2851 Utrinrqm

774 2869 890 2932 exemplu
915 2866 1017 2916 nertin
1043 2865 1119 2914 Livio
1144 2865 1195 2916 vl.
1215 2871 1254 2917 tt.
1271 2865 1323 2918 Au·

774 2965 826 2998 rum
859 2963 889 2997 ce
919 2945 1028 2995 testibus
1060 2953 1160 3009 captum
1183 2946 1210 2995 in
1231 2963 1325 3012 puna-

774 3043 827 3078 rurn
841 3026 964 3094 praedem
981 3024 1091 3074 cessisse.
1110 3023 1202 3088 Itaque
1210 3041 1324 3089 esseque·

774 3110 863 3157 buntur
881 3103 1036 3170 quaerendo,
1054 3103 1095 3153 ubi
1112 3112 1197 3154 tentae
1212 3105 1252 3155 ret
1261 3107 1325 3172 fier»

775 3197 824 3239 turn
848 3186 1023 3240 occultaretur.
1049 3186 1103 3238 111.
1130 3191 1169 3237 rt.
1194 3185 1252 3237 Cum
1269 3186 1323 3239 deo·

774 3287 827 3320 runt
861 3269 1026 3332 dominumque
1051 3267 1123 3318 dreni
1146 3266 1242 3318 uiolntn
1266 3269 1325 3320 itere

774 3367 939 3416 exsequemur.
965 3349 1005 3401 Gi.
1031 3348 1143 3400 Gronov.
1169 3349 1201 3398 td
1224 3349 1276 3398 IX.
1294 3355 1325 3411 8,

774 3441 801 3484 et
826 3435 848 3483 Ι.
867 3438 907 3483 tn.
926 3430 1049 3484 cneum
1065 3430 1171 3480 verbnm
1186 3428 1325 3484 illustretur·

773 3515 800 3564 in
825 3513 859 3562 N.
886 3511 918 3560 T.
945 3512 984 3560 ed
1010 3509 1102 3560 Wetet.
1128 3510 1160 3558 ed
1177 3508 1240 3559 Luc.
1258 3511 1280 3560 Ι.
1299 3516 1322 3561 t.

773 3596 839 3644 inter
863 3593 913 3645 elie
936 3604 970 3646 ex
996 3589 1127 3644 Demosth.
1150 3592 1183 3642 de
1199 3590 1276 3642 Fuisse
1291 3593 1325 3644 le·

772 3683 823 3740 get.
842 3672 855 3722 i
873 3673 909 3721 ed
925 3671 1031 3722 rodem
1039 3672 1239 3740 πονηρεύματα
1249 3671 1322 3742 depe.

773 3754 901 3817 tierneo
919 3755 1002 3814 ridde
1018 3754 1070 3820 lyd
1088 3753 1137 3804 eni
1154 3753 1323 3824 nuperrime·

774 3837 868 3904 θηκὼς
893 3838 992 3900 druse,
1009 3838 1054 3903 qni
1070 3837 1181 3894 eoieberu
1199 3845 1224 3888 et
1240 3838 1326 3890 omnin

773 3927 904 3972 execuntur
921 3937 985 3971 eum,

807 4001 864 4051 Nec
878 4017 960 4069 poene
975 4017 1078 4068 suuper.
1096 4003 1217 4052 Erneetue
1234 4001 1325 4050 intelli·

773 4085 884 4147 gendum
904 4085 1006 4147 putabet
1022 4084 1126 4134 verbum
1144 4080 1196 4140 uti,
1213 4081 1281 4143 quod
1296 4080 1324 4130 in

774 4167 852 4214 altero
885 4164 998 4212 membro
1030 4162 1106 4212 intem
1129 4161 1324 4224 quodammodo.

775 4245 928 4307 Vuigntum,
946 4243 1033 4300 oredo,
1051 4255 1102 4290 rron
1120 4242 1192 4291 citur
1209 4243 1325 4294 electore

775 4325 891 4374 Romano
913 4321 1077 4384 reciperetur,
1093 4337 1183 4385 quent:
1202 4323 1342 4388 Agricolas

775 4419 827 4456 non
844 4416 941 4467 semper
956 4407 1088 4452 contentus
1104 4411 1157 4454 eret
1173 4419 1254 4470 poene
1270 4420 1323 4471 pee—

776 4488 867 4546 centis,
894 4486 936 4537 sed
962 4497 1019 4536 enm
1044 4483 1145 4550 insuper
1169 4487 1228 4540 odio
1244 4499 1323 4552 perte·
