3130 5308
679 559 854 609 lentaeue.

1271 553 1330 614 tlt

179 729 430 809 admonebant,
460 732 635 820 promptior
663 732 696 794 in
727 749 814 817 spem
843 741 874 794 et
902 728 1012 796 firmus
1045 731 1179 798 adrensis
1208 733 1333 800 dimisso

179 858 277 928 equo
300 837 395 927 pedes
419 847 492 902 ante
515 834 627 900 vexilla
651 833 801 898 constitit.

239 945 387 1013 xxxvl.
415 949 461 1012 Ac
482 945 585 1034 primo
607 960 774 1032 congressu
798 943 920 1008 eminus
944 947 1144 1026 certabatur,
1177 947 1334 1035 simulque

186 1056 370 1124 constantia
401 1055 495 1122 simul
522 1065 588 1120 arte
620 1053 764 1119 Britanni
792 1051 973 1140 ingentibus
1004 1057 1114 1147 gladiis
1136 1069 1169 1126 et
1188 1057 1334 1125 brevibus

187 1243 323 1294 absdutm
338 1245 406 1291 recte
421 1237 584 1303 acciperetur)
599 1252 631 1287 an
646 1237 745 1298 dative,

186 1331 224 1374 ut
241 1323 285 1372 alii
299 1321 442 1386 explicant,
459 1319 568 1370 Wexius
580 1332 678 1382 quoque
686 1333 744 1366 curn

189 1403 328 1462 Walcbio,
346 1401 488 1452 conferente
498 1399 579 1448 Tacit.
588 1399 683 1448 Annal.
691 1399 742 1447 XI.

184 1489 237 1533 at.
265 1481 391 1532 Adversas
413 1480 553 1546 superiores
572 1478 641 1528 tristi
657 1477 743 1528 adalu-

192 1565 279 1623 ta‘oue‚
302 1575 425 1628 arrepens
440 1559 594 1610 minoribns?
619 1560 744 1610 Neutrum

193 1644 263 1695 mibi
271 1645 365 1708 placet:
381 1649 455 1708 atque
467 1641 531 1690 illud
544 1639 702 1703 exemplum,
715 1647 744 1690 ut

192 1725 266 1775 valet
282 1725 314 1774 ad
328 1724 483 1788 probandam
493 1721 683 1770 constructionis
691 1735 743 1770 mu·

192 1813 276 1856 tetam
297 1805 416 1864 sormam,
431 1801 475 1856 'ita
491 1816 543 1851 non
559 1801 626 1851 valet
643 1803 674 1851 ad
690 1817 743 1866 pro·

193 1887 308 1938 bandum
327 1885 419 1948 firmus
441 1881 560 1932 amasis.
591 1881 642 1932 Sed
658 1883 744 1932 dubito

191 1983 228 2018 an
257 1966 321 2015 acies
334 1965 475 2031 porrectior
491 1965 526 2012 sic
543 1965 594 2012 iam
608 1963 700 2014 referre
716 1965 743 2012 li·

191 2054 251 2099 ceat
261 2049 340 2098 adres
349 2045 467 2095 adrasus
478 2044 621 2108 Agricolae.
640 2044 744 2094 Senten-

191 2131 246 2180 tiae
271 2135 295 2178 et
312 2127 445 2176 Latinitati
460 2125 640 2174 conveniebat:
663 2141 743 2189 prora

187 2210 265 2276 ptiar
281 2209 306 2258 in
322 2221 389 2272 spem
412 2213 436 2254 ct
457 2205 550 2268 firmus
566 2203 685 2253 adversus
700 2221 744 2254 rue-

193 2299 244 2339 tus.
280 2289 342 2338 Vox
365 2295 442 2336 metus
466 2285 538 2334 facile
560 2286 642 2334 omitti
664 2287 744 2350 potuit

191 2375 295 2435 propter
311 2367 500 2418 similitudinem
514 2367 643 2416 literarum
660 2367 686 2416 in
701 2383 743 2417 vo·

193 2465 225 2500 ce
242 2449 355 2514 sequenti
372 2447 478 2496 dimisso.
506 2447 586 2497 Tacit.
604 2447 673 2496 Hist.
692 2448 743 2497 IV.

193 2537 219 2580 5.
256 2529 373 2579 Constans
396 2527 515 2577 adversus
531 2536 620 2586 metus,
639 2534 676 2577 et:
695 2529 744 2590 fir·

191 2610 256 2660 raior
278 2609 397 2658 uuirersas
414 2609 538 2672 fortuito.
562 2609 601 2658 ΙΙ.
619 2613 659 2658 82.
685 2607 744 2658 Fir·

193 2707 248 2740 nrns
277 2689 397 2739 adversus
428 2687 557 2738 militarent
584 2689 743 2754 larqa'tionern.

194 2765 294 2822 Annal.
311 2771 366 2820 III.
389 2773 427 2818 18.
445 2767 546 2818 Firmus
561 2769 688 2818 adoneum
699 2786 744 2834 pe-

192 2852 298 2902 cuniam.
333 2852 391 2901 Liv.
417 2849 515 2900 XXII.
541 2855 581 2900 39.
616 2849 744 2900 Adversus

187 2935 292 3000 sarnam
316 2945 472 2994 rumoresque
497 2929 613 2980 dominam
636 2930 660 2980 si
681 2932 744 2980 sutis

188 3015 284 3076 firmus
300 3011 405 3061 steteris.

232 3089 372 3156 Inpertibus
387 3089 481 3156 alodiis
498 3101 523 3140 et
536 3092 646 3141 breuibus
660 3093 742 3142 cetris.

194 3172 265 3223 Mox
287 3187 369 3236 parvo
392 3180 462 3221 scuta
487 3181 510 3220 et
533 3187 637 3220 enormes
650 3171 742 3236 plauti,

192 3262 254 3302 tum
271 3250 352 3316 qlodii
367 3251 417 3300 sinc
433 3265 552 3300 macrone.
571 3253 643 3302 Haec
659 3254 690 3301 de
703 3253 742 3301 iis-

189 3335 257 3384 'dem
290 3332 419 3381 Britannis
450 3333 485 3380 sic
509 3333 627 3382 continuo
655 3333 744 3382 iterata

188 3412 281 3464 'Taciti
298 3425 351 3462 esse
368 3427 419 3460 non
436 3417 547 3474 possunt.
567 3415 622 3478 Ego
636 3415 745 3478 primum

195 3510 249 3546 non
271 3494 344 3544 video
360 3493 421 3556 qnid
437 3493 553 3543 differant
568 3493 650 3558 qladii
664 3493 743 3558 inqen-

188 3581 235 3626 'tes
252 3582 276 3626 et
292 3573 375 3640 pladii
391 3589 498 3623 enormes
502 3595 513 3630 ‚·
530 3574 591 3638 qnid
608 3574 690 3621 breues
706 3587 744 3623 ce-

195 3663 250 3706 trae
267 3663 291 3706 et
300 3669 386 3720 parua
399 3661 481 3704 scuta:
499 3656 590 3705 deinde
605 3669 656 3703 non
671 3655 744 3703 video

195 3737 258 3800 quid
280 3736 323 3784 bic
348 3736 456 3799 inqentes
471 3735 553 3801 aladii
568 3741 592 3784 et
609 3736 692 3784 breves
708 3750 744 3782 ce·

189 3819 253 3868 ‘true
269 3817 419 3880 significent.
446 3816 499 3866 Ubi
514 3818 611 3866 eminus
625 3821 744 3876 certatur,

195 3897 278 3964 aladii
293 3898 358 3946 nulli
376 3903 433 3947 sunt
449 3899 519 3959 usui,
538 3911 619 3963 neque
632 3905 744 3948 constan·

189 3980 247 4028 'tiae
272 3984 297 4028 et
322 3979 369 4027 arti
389 3985 505 4042 prosunt,
531 3981 581 4028 nisi
597 3980 677 4040 dicas,
704 3994 746 4029 eos

196 4065 250 4109 tam
265 4060 329 4107 latos
347 4057 438 4119 fuisse,
460 4065 489 4110 ut
505 4061 595 4110 obiecti
610 4062 745 4112 missilibus

197 4139 249 4189 fere
266 4138 345 4188 instar
362 4147 487 4189 scutorum
501 4141 622 4201 habeant,
639 4142 744 4191 velBri·

192 4219 269 4268 'tanni
286 4221 390 4270 missilis
407 4222 568 4271 advenientia
583 4223 634 4270 ictu
652 4223 744 4286 gladio·

195 4314 254 4349 rum
262 4305 403 4351 menevense
415 4301 583 4352 defenderent.
603 4301 745 4352 curantem

196 4380 239 4430 bic
256 4381 387 4432 Britannis
403 4384 546 4433 tribuuntur
563 4392 658 4443 cetrae,
684 4400 745 4434 mox

198 4468 283 4526 scuta,
302 4477 365 4528 quae
382 4465 480 4530 proprie
498 4479 549 4516 non
567 4469 624 4516 sunt
639 4463 744 4518 eodem?

791 1235 901 1290 Maiores
911 1242 1013 1306 quidem
1026 1250 1109 1293 cetrae
1122 1244 1334 1304 scammellorum

789 1318 861 1381 quia,
886 1323 954 1384 quod
972 1324 1004 1372 de
1023 1323 1103 1374 milite
1119 1324 1234 1373 Romano
1251 1324 1336 1373 scribit

790 1399 878 1450 Livius
894 1401 1026 1454 XXXIV.
1044 1409 1093 1464 89,
1118 1419 1197 1469 quum
1213 1406 1334 1455 Lacedae·

788 1481 868 1530 monii
891 1483 1026 1540 missilibus
1049 1485 1209 1548 pugnabant,
1239 1483 1284 1534 ille
1309 1497 1336 1534 se

788 1561 952 1626 nuquitudine
976 1565 1041 1614 scuti
1061 1565 1192 1631 perfacile
1213 1566 1334 1614 tuebatur.

790 1639 820 1690 Si
846 1641 947 1692 Tacitus
972 1646 1092 1696 voluisset
1120 1647 1257 1695 Britannos
1282 1651 1336 1695 arte

790 1721 879 1771 missae
904 1724 1021 1784 masilia,
1047 1726 1106 1790 quia
1122 1740 1149 1775 se
1165 1727 1282 1776 brevibus
1297 1739 1334 1776 ee·

788 1801 834 1850 tris
858 1804 942 1852 minus
962 1805 1027 1854 tueri
1048 1813 1162 1868 possent,
1185 1808 1336 1858 sententiam

790 1879 840 1930 alio
860 1884 936 1932 modo
961 1885 1122 1951 instituissem
1147 1901 1173 1935 r.
1198 1901 1220 1935 c.
1245 1887 1337 1951 inqenti

790 1961 912 2012 babitaret
928 1963 1038 2014 brevibus
1060 1965 1142 2016 cetris.
1176 1965 1246 2016 Hinc
1264 1981 1336 2031 appa·

789 2049 867 2102 reret,
885 2057 942 2104 cnr,
959 2045 1003 2108 qni
1023 2053 1124 2109 propter
1137 2061 1269 2110 corporum
1284 2061 1336 2096 ma·

789 2122 946 2186 grtitndinem
969 2131 994 2173 et
1008 2127 1097 2176 breves
1113 2133 1191 2178 cetrae
1213 2128 1336 2192 magistu

787 2204 892 2254 vulnera
916 2212 1042 2268 paterent,
1067 2208 1173 2258 missilia
1198 2214 1251 2258 arte
1273 2209 1335 2258 rita·

789 2291 858 2346 rent,
884 2301 951 2336 nnnc
975 2301 1001 2336 se
1017 2289 1176 2339 dextrorsum
1193 2303 1261 2339 nunc
1277 2290 1335 2339 eini-

785 2372 909 2417 'strorsum
937 2376 1124 2431 convenerant,
1158 2373 1242 2419 modo¹
1255 2371 1336 2434 capita

790 2449 961 2507 demitterent,
978 2451 1053 2498 modo
1070 2463 1096 2499 se
1113 2451 1185 2498 humi
1196 2457 1335 2513 prosterne·

790 2534 853 2577 rent.
877 2527 995 2591 Suspicor·
1016 2531 1102 2579 omnia
1123 2531 1185 2580 baec
1201 2544 1254 2580 esse
1271 2529 1335 2593 glos*

790 2621 866 2658 sema.
898 2608 1009 2669 Deletis,
1035 2611 1114 2660 oratio
1134 2617 1200 2660 recte
1216 2611 1334 2674 mocedit.

790 2687 849 2751 Ipsa
864 2703 916 2738 vox
933 2698 1002 2739 cetra
1016 2691 1101 2741 locum
1115 2690 1167 2742 iam
1180 2691 1239 2740 iacit
1253 2705 1334 2755 suspe-

789 2775 865 2818 ctum.
905 2769 980 2820 Ostra
1005 2778 1042 2821 est
1058 2772 1162 2836 originis
1184 2771 1335 2831 Africanae,

789 2855 814 2897 et
830 2851 933 2900 nomine
951 2849 994 2914 (ef.
1004 2853 1079 2902 Voss.
1091 2855 1123 2902 ad
1133 2851 1233 2902 Caesar.
1250 2851 1290 2902 De
1302 2853 1334 2902 B.

790 2927 821 2979 G.
838 2929 861 2978 Ι.
879 2931 913 2996 1.)
936 2938 960 2980 et
973 2946 1046 2992 usu,
1061 2939 1135 2997 atque
1155 2933 1214 2982 inde
1236 2939 1336 2997 recepta

789 3011 820 3060 ab
835 3010 964 3073 Hispanis.
982 3012 1071 3076 Neque
1083 3013 1191 3074 corporis
1204 3011 1334 3062 munimen

788 3091 863 3150 idem,
875 3097 949 3154 atque
958 3099 1059 3139 sermm.
1077 3091 1169 3140 Caesar
1177 3091 1217 3140 De
1226 3092 1258 3140 Β.
1269 3091 1300 3142 G.
1311 3093 1333 3142 Ι.

789 3177 829 3220 39.
856 3169 940 3221 Erant
965 3168 1089 3236 (Afranii)
1113 3179 1224 3222 scutatae
1241 3171 1335 3222 citeris·

788 3253 827 3301 ris
847 3253 1005 3317 provinciae,
1031 3262 1055 3302 et
1080 3261 1191 3303 cetratus
1212 3253 1337 3305 ulterioris

790 3331 934 3399 Hispaniae
956 3333 1065 3384 cobortes
1088 3335 1187 3384 circiter
1204 3335 1335 3399 octoqinta.

789 3411 914 3464 Differunt
930 3414 1013 3477 igitur.
1033 3414 1070 3464 At
1087 3415 1113 3462 in
1130 3415 1213 3476 glossa
1226 3429 1278 3462 non
1290 3413 1336 3464 dii·

789 3495 880 3544 ferunt.
898 3495 1006 3545 Wexius
1022 3495 1048 3542 in
1064 3509 1100 3558 eq.
1115 3494 1181 3544 delet
1191 3501 1336 3560 pervaseri-

791 3585 818 3625 ta
834 3583 859 3624 at
875 3589 980 3622 enormes
994 3573 1093 3638 plodios
1113 3577 1260 3639 perentibus.
1280 3591 1337 3642 pro·

789 3662 843 3720 pter
859 3655 1030 3718 tautologiam.

829 3733 919 3785 Vitare
941 3735 981 3785 uei
1001 3745 1120 3786 excutere.
1154 3735 1219 3788 Arte
1234 3741 1337 3789 uteban-

789 3823 830 3866 tur
843 3818 874 3866 ad
885 3817 990 3867 missilia
1000 3817 1117 3879 vitando,
1140 3823 1280 3870 constantia
1305 3821 1338 3869 ad

791 3898 943 3948 excutienda.
954 3899 1062 3948 Missilie
1069 3901 1212 3963 corporibus
1221 3901 1270 3949 alie
1277 3900 1338 3950 levi·

790 3986 828 4030 ter
844 3986 942 4030 tantum
958 3981 1102 4040 inhaerent,
1111 3997 1113 4004 ’
1122 3987 1147 4030 et
1162 3995 1268 4044 parrum
1283 3982 1337 4030 tul·

791 4077 838 4110 uns
855 4061 961 4122 faciunt,
978 4063 1040 4110 adeo
1056 4066 1085 4109 ut
1098 4060 1184 4121 facile,
1201 4062 1338 4112 solointer·

791 4144 850 4191 dnm
872 4148 955 4202 motu,
981 4141 1032 4192 tere
1049 4143 1127 4191 instar
1142 4141 1251 4205 pulveris
1268 4153 1338 4190 enan

792 4223 812 4271 ti
827 4223 929 4286 possint.
953 4222 997 4272 Ad
1011 4237 1066 4271 eam
1078 4235 1131 4271 rem
1146 4221 1213 4269 haud
1234 4220 1270 4270 ita
1287 4236 1338 4272 ma·

790 4317 841 4366 gna
857 4303 995 4352 constantia
1009 4303 1155 4366 requiritur,
1180 4313 1227 4350 nec
1246 4302 1340 4352 udnus

790 4385 846 4435 leve
866 4384 983 4447 impedit,
1005 4383 1138 4448 quominus
1158 4395 1263 4432 excusso
1280 4382 1339 4433 mis·

791 4465 843 4529 sili,
869 4479 980 4532 pinguem
999 4465 1157 4529 continuent,
1182 4469 1208 4516 et
1221 4465 1269 4530 ipsi
1281 4477 1340 4516 carn
