3134 5310
641 488 820 536 scurcota.
1275 478 1317 538 :ts

168 680 284 738 suam,
309 657 518 746 ardoremque
543 656 758 745 compescuit,
783 677 823 720 ue
848 656 1056 732 incresceret,
1079 657 1198 743 peritus
1223 657 1315 722 obse·

171 769 230 858 qui
261 763 469 851 eruditusque
504 761 594 826 utilia
617 761 756 826 honestis
776 761 916 826 miscere.
941 760 1031 825 Brevi
1054 759 1169 826 deiude
1193 761 1319 828 Britan·

171 874 227 940 nie
274 868 473 936 consularem
508 867 658 932 Petilium
683 864 839 933 Cerialem
863 865 996 953 accepit.
1045 865 1234 932 Habuerunt
1257 869 1319 932 rir-

173 991 259 1046 tutes
282 976 419 1065 spatium
442 973 668 1062 exemplorum.
716 969 777 1038 Sed
799 970 901 1058 primo
927 968 1058 1037 Cerialis
1081 971 1204 1038 labores
1226 973 1319 1038 modo

209 1175 343 1227 Placidius
359 1189 432 1238 quum
442 1174 531 1238 feroci
540 1174 672 1238 mociano
688 1173 723 1224 di·
803 1169 909 1220 Peritus
934 1175 1041 1237 eccequi.
1077 1174 1159 1232 Uene,
1185 1189 1240 1224 moe
1255 1175 1320 1224 mili-

172 1265 300 1324 qnunaest.
318 1255 462 1306 Couiimuut
470 1263 541 1314 esset,
550 1264 614 1314 erut,
623 1256 725 1305 eiicinm
770 1254 830 1302 turis
846 1253 937 1302 lecerat
946 1255 1223 1319 peritumcbsequiiita
1231 1256 1320 1305 didice-

175 1349 223 1390 est.
258 1339 316 1388 Hoc
331 1336 420 1386 melius
436 1336 550 1385 arbitror.
567 1337 640 1386 Licet
656 1338 725 1386 euim
769 1341 822 1394 rat,
848 1335 951 1398 obsequi
972 1349 1026 1384 eese
1042 1335 1189 1398 primarium
1205 1336 1233 1384 iu
1249 1349 1321 1386 exer·

176 1423 205 1470 in
229 1417 357 1484 prouincia
374 1429 471 1479 semper
486 1418 608 1479 cogitetur
625 1418 725 1466 Britan·
770 1416 822 1464 citu
837 1417 954 1466 officium.
973 1415 1054 1480 Scope
1070 1431 1116 1464 usn
1130 1416 1321 1479 periticcuiuu·

175 1503 234 1560 uia,
259 1499 337 1549 maior
353 1498 406 1555 vis,
423 1498 547 1546 sententis
562 1497 678 1547 universe
694 1499 726 1547 de
770 1497 845 1559 gitrm
861 1511 887 1545 v.
905 1497 994 1546 Burm.
1012 1497 1044 1545 ad
1061 1496 1320 1548 cucurrissem.

175 1582 294 1632 omnibns
309 1579 444 1642 provinciis
460 1592 532 1636 vera,
550 1578 726 1626 cmissoverbo
772 1583 796 1625 3.
822 1573 949 1626 Eruditua
974 1579 1001 1626 in
1024 1577 1126 1626 scholis.
1152 1579 1232 1628 Aliud
1248 1593 1322 1643 saepe

176 1662 334 1726 exprimitur.
378 1659 430 1708 Sed
460 1659 577 1708 Tacitum
601 1658 726 1721 scripsisse
771 1658 845 1715 utile,
871 1657 940 1707 aliud
962 1657 1097 1708 honestum
1120 1659 1148 1708 iu
1164 1661 1238 1708 rebus
1254 1661 1322 1710 vide·

175 1751 249 1808 putu:
264 1739 393 1806 placidias
410 1755 482 1803 quemn
493 1740 582 1804 feroci
594 1739 726 1802 provincio
771 1745 819 1786 tur.
863 1738 981 1800 Pugnam
1010 1739 1144 1800 explicavit
1173 1739 1261 1790 Cicero
1290 1743 1322 1790 de

176 1824 285 1888 dipsitis.
319 1823 379 1872 Hoc
408 1827 552 1883 corruptum
575 1820 675 1868 videtum
698 1819 726 1868 in
773 1816 845 1867 Offic.
863 1818 917 1865 111.
938 1820 977 1866 18.
996 1818 1130 1877 Quomodo
1138 1822 1265 1870 interdum
1274 1824 1322 1871 nti·

175 1902 300 1968 diyniust,
318 1900 616 1966 eciecilius,quievsrbi
623 1913 725 1964 sequen·
771 1898 807 1947 lie
822 1898 1321 1962 honestiemimeripoeeentacdeberene‚

176 1987 209 2034 tis
225 1985 298 2034 litera
313 1983 400 2046 incipit
416 1996 432 2031 a
449 1989 471 2041 t,
487 1988 543 2044 post
555 1979 654 2044 dignius
661 1981 727 2030 male
773 1979 895 2040 Agricola
902 1979 1022 2028 didicerat
1031 1980 1166 2031 Massiliae.
1184 1983 1323 2045 Pugnabic

176 2066 288 2130 repetita
323 2064 392 2112 Uene
422 2062 469 2112 istc
493 2061 656 2124 comparativi
681 2061 727 2110 ire·
772 2065 826 2108 eret
849 2059 963 2108 difficilis.
997 2060 1079 2120 Nam,
1101 2063 1169 2125 quod
1192 2071 1244 2111 erat
1260 2063 1322 2113 utile

176 2160 257 2210 queue
281 2145 372 2203 Livio,
397 2149 423 2192 et
449 2142 550 2201 Tacito,
575 2156 600 2190 r.
617 2155 640 2190 c.
657 2142 726 2190 Hist.

178 2227 229 2276 1v.
248 2231 288 2276 40.
307 2223 381 2281 Quod
395 2224 555 2287 manifestam
571 2237 638 2270 rerem
654 2222 726 2270 ambi·

178 2307 266 2356 tioeias
283 2322 356 2369 ᾳιιωιι
372 2304 496 2354 honestius
512 2302 676 2367 defendisset.

211 2386 255 2436 Ne
284 2389 438 2436 incresceret.
474 2386 594 2434 Ernestus
619 2383 727 2446 explicat

177 2483 208 2518 nc
223 2469 278 2527 cis,
294 2466 385 2528 ardor,
399 2467 546 2516 incresceret
551 2485 562 2520 ,·
579 2465 623 2514 sod
638 2465 727 2514 redun-

177 2552 240 2600 ‹lerc
272 2551 347 2600 verba
376 2550 437 2606 uta,
462 2546 600 2609 meliusque
625 2545 726 2605 sbicre,

180 2630 293 2694 quemvis
316 2631 402 2679 videre
427 2627 567 2677 arbitretur.
587 2627 658 2689 *Ego
674 2642 726 2676 non

179 2713 266 2770 videm
301 2724 382 2774 neque
414 2711 442 2758 iu
468 2709 614 2758 incresceret
644 2707 727 2770 ecgitc

178 2792 232 2842 vim
245 2798 270 2840 et
286 2793 414 2850 ardorem,
423 2791 468 2839 eed
475 2789 557 2851 ipsum
571 2788 725 2850 Agricolam.

179 2873 330 2935 Metapinum
345 2873 378 2922 ab
394 2870 523 2922 arboribus
538 2870 659 2919 densata.
677 2868 726 2916 Ar-

178 2955 224 3002 bor
249 2953 392 3004 adolescens
417 2958 442 3002 et
462 2951 578 3008 robusta,
596 2950 674 3002 veteri
690 2950 726 2997 vi-

178 3035 249 3092 cina,
270 3033 323 3082 suis
338 3033 450 3082 radicum
465 3032 535 3081 fibris
550 3032 667 3094 pleneque
682 3029 727 3078 hu·

178 3114 217 3162 mi
241 3113 360 3162 alimenta
374 3113 487 3175 corripit,
505 3126 583 3175 eaque
599 3111 675 3160 sumit
691 3111 727 3158 iu·

179 3199 321 3251 crementa,
337 3199 365 3240 nt
380 3195 489 3243 vicinam
504 3193 574 3242 breui
582 3192 726 3249 obumbret,

178 3282 205 3324 et
229 3273 311 3336 magis
330 3274 460 3337 magisque
475 3280 670 3324 marcescentem
684 3287 727 3321 ne·

177 3363 226 3406 cet.
261 3355 377 3417 Augetur
401 3356 494 3404 drumm
520 3354 629 3402 alterius.
652 3353 727 3415 Agri·

178 3437 234 3486 cola
250 3451 306 3486 cam
322 3437 375 3486 vim
391 3436 439 3484 sibi
455 3437 537 3484 inesse
545 3435 675 3484 sentiebat.
686 3435 727 3483 In·

179 3530 288 3566 crescens
304 3522 409 3580 poterat.
444 3516 548 3566 Noluit:
566 3515 620 3564 vim
635 3521 728 3578 tempe·

178 3599 251 3648 ravit.
287 3598 346 3648 Liv.
373 3596 497 3646 XXVII.
516 3600 556 3644 35.
574 3596 606 3644 dc
622 3596 727 3644 consuli·

179 3680 225 3728 bus
249 3693 301 3728 non
327 3677 425 3726 amicie=
451 3676 529 3726 Nilul
544 3691 606 3741 opus
622 3691 676 3725 esse
691 3692 729 3724 re·

179 3759 363 3809 ennicarium.-
381 3758 467 3808 acrius
483 3767 508 3807 et
522 3757 730 3810 intentiuecmnic

771 2140 936 2202 reipublicae,
961 2131 1101 2190 ideru’erat
1116 2143 1257 2206 Agricolae.
1292 2144 1322 2194 Si

772 2221 825 2269 vim
846 2228 871 2270 ct
888 2223 1002 2271 ardorem
1018 2238 1070 2271 uon
1087 2229 1261 2287 temperasset,
1278 2228 1322 2290 qui

772 2315 831 2350 eum
855 2311 991 2363 nocerent,
1013 2303 1100 2353 fecisse
1116 2306 1227 2354 dicerent
1241 2309 1323 2370 reipu-

772 2383 852 2433 blicae
876 2399 975 2448 causea3
995 2386 1040 2447 qui
1056 2385 1217 2446 ignorabant,
1235 2386 1323 2436 secuse

772 2464 883 2512 dicerent
899 2478 945 2513 sua
961 2465 1038 2528 ipsius
1054 2479 1148 2513 caussa
1184 2466 1266 2530 Igitur
1282 2483 1322 2516 oc·

771 2544 871 2594 ensium
900 2550 953 2594 tam
976 2547 1087 2610 speciosa
1110 2561 1144 2596 ex
1169 2547 1323 2599 Proconsule

772 2626 898 2674 crescendi
923 2641 974 2676 uon
999 2643 1059 2677 usus
1083 2635 1133 2688 est,
1150 2629 1195 2678 sed
1210 2630 1322 2680 medium

772 2707 866 2766 tenuit,
882 2715 912 2756 ut
928 2716 953 2758 et
968 2709 1319 2773 provinciaeetBolanocou·

772 2789 876 2849 suleret,
901 2805 972 2839 susm
992 2791 1126 2840 utilitatem
1141 2791 1288 2854 negligeret.

805 2867 954 2918 Habuerunt
969 2869 1073 2919 virtutes
1088 2871 1197 2935 spatium
1205 2870 1325 2935 exemplo·

772 2965 833 2998 run.
870 2950 955 3009 Quam
979 2952 1085 2999 difficilis
1102 2952 1134 3001 eit
1149 2952 1231 3010 locus,
1249 2965 1323 3014 appa·

772 3037 811 3079 ret
827 3017 1100 3080 exvaua'eruditcrum
1108 3031 1321 3094 interpretatione.

773 3111 874 3174 Lipsius
890 3111 989 3174 legebat
1005 3110 1114 3176 spatium
1131 3119 1155 3160 et
1170 3111 1303 3177 exemplum
1311 3133 1323 3168 ;

772 3193 819 3242 hac
835 3192 971 3242 sententia:
989 3191 1093 3243 Cerialis
1110 3194 1250 3258 etspatium
1257 3210 1325 3246 cnm·

772 3288 881 3338 pumque
904 3275 1049 3324 exercendis
1064 3275 1197 3324 virtutibus
1213 3277 1282 3326 dedit
1297 3284 1324 3326 et

773 3356 926 3418 exemplum.
960 3356 1074 3406 Pichena
1094 3355 1183 3417 accipit
1198 3357 1230 3405 de
1245 3358 1324 3405 virtu

772 3437 839 3486 tibus
862 3437 1004 3499 utriusque,
1029 3449 1093 3498 quse
1107 3435 1215 3497 spatium
1230 3435 1324 3484 habue-

773 3517 824 3565 rint
849 3516 965 3579 exempla
987 3517 1117 3578 prudeudi.
1152 3516 1323 3566 Ernestusde

772 3597 847 3645 nnius
864 3595 1000 3659 Agricolae
1014 3597 1159 3657 virtutibus,
1176 3597 1324 3662 ceteri,spa-

774 3679 838 3727 tium
853 3678 944 3727 edendi
961 3679 1077 3742 exempla
1092 3679 1258 3739 fortitudinis,
1271 3680 1322 3744 ple-

774 3773 834 3810 nam
846 3760 1002 3810 occasionem
1009 3761 1111 3810 fortium
1118 3761 1241 3810 sactorum
1249 3763 1323 3811 eden·

178 3848 305 3902 gesturos,
333 3840 443 3889 timentes
459 3854 488 3888 ne
513 3836 639 3888 menendi
655 3853 686 3887 ex
702 3853 728 3889 se
773 3841 877 3900 dorum,
901 3856 966 3904 quse
991 3842 1033 3890 alii
1057 3848 1086 3890 ut
1110 3842 1227 3905 exempla
1242 3842 1325 3890 imita·

179 3921 276 3970 inimico
285 3919 394 3984 collegae
398 3927 513 3984 potestus
513 3920 727 3982 fieretXXXV.
773 3927 867 3970 rentur.
902 3922 960 3970 Hoc
984 3922 1106 3985 optumum
1129 3922 1206 3982 foret,
1227 3922 1323 3986 sispa-

181 4007 223 4051 29.
248 3998 341 4066 Itaque
358 3999 485 4064 siquibus
503 4009 597 4050 tuorum
614 4001 728 4050 meiscri-
775 4001 834 4050 tium
842 4001 1229 4066 exemplorumitapcssetaccipi.
1239 4002 1325 4051 Valde

180 4082 283 4132 minibus
307 4081 378 4147 apud
399 4089 548 4132 recrescere
565 4081 638 4142 libet,
653 4081 729 4132 uliam
774 4083 860 4132 dubito
877 4098 909 4132 su
925 4098 969 4146 per
986 4085 1150 4134 Latinitatem
1165 4083 1247 4131 liceat.
1262 4083 1323 4132 Bre-

181 4163 309 4212 muterirnn
326 4160 451 4211 crescendi
467 4178 540 4226 quarn
557 4177 587 4212 ec
602 4179 639 4212 mc
656 4179 728 4228 quae-
774 4165 839 4212 vitea
861 4170 913 4213 tam
929 4166 1034 4214 obscura
1049 4178 1173 4227 nusquam
1188 4163 1215 4210 in
1234 4163 1323 4212 Tacito

182 4252 247 4292 rant.
273 4243 309 4292 X.
335 4248 374 4292 13.
392 4240 426 4293 Se
441 4243 524 4307 gloria
540 4245 660 4294 seniorum
676 4261 729 4295 suc
774 4251 883 4306 apparet.
926 4245 995 4305 Quid
1023 4261 1075 4294 non
1100 4250 1268 4307 exspectasses
1292 4245 1325 4294 de

183 4325 287 4374 uenisse
312 4334 337 4372 et
362 4324 397 4374 ud
421 4341 490 4375 enain
511 4325 616 4390 pluriam
632 4343 728 4378 consur·
776 4324 897 4387 Agricola
919 4326 1039 4385 relatum,
1063 4331 1194 4390 postquam
1220 4325 1323 4374 Tacitus

182 4415 263 4466 pentes
280 4405 344 4456 alica
359 4405 448 4456 laetum
465 4406 603 4471 adspicere.
774 4408 982 4469 praemonuisset,
1015 4406 1147 4457 viantibus
1180 4407 1233 4457 eius
1263 4414 1324 4456 tunc
