<?xml version="1.0" encoding="UTF-8"?>
<!DOCTYPE html PUBLIC "-//W3C//DTD XHTML 1.0 Transitional//EN"
    "http://www.w3.org/TR/xhtml1/DTD/xhtml1-transitional.dtd">
<html xmlns="http://www.w3.org/1999/xhtml" xml:lang="en" lang="en">
 <head>
  <title>
</title>
<meta http-equiv="Content-Type" content="text/html;charset=utf-8" />
  <meta name='ocr-system' content='tesseract 3.04.00' />
  <meta name='ocr-capabilities' content='ocr_page ocr_carea ocr_par ocr_line ocrx_word'/>
</head>
<body>
  <div class='ocr_page' id='page_1' title='image "./ccorneliitaciti09tacigoog/ccorneliitaciti09tacigoog_0148.png"; bbox 0 0 3130 5308; ppageno 0'>
   <div class='ocr_carea' id='block_1_1' title="bbox 653 517 1318 581">
    <p class='ocr_par' dir='ltr' id='par_1_1' title="bbox 653 517 1318 581">
     <span class='ocr_line' id='line_1_1' title="bbox 653 517 1318 581; baseline 0.009 -7"><span class='ocrx_word' id='word_1_1' title='bbox 653 527 831 576; x_wconf 76' lang='lat' dir='ltr'><strong>scarcoar.</strong></span> <span class='ocrx_word' id='word_1_2' title='bbox 1257 517 1318 581; x_wconf 75' lang='lat' dir='ltr'><strong>lat</strong></span> 
     </span>
    </p>
   </div>
   <div class='ocr_carea' id='block_1_2' title="bbox 175 692 1319 895">
    <p class='ocr_par' dir='ltr' id='par_1_2' title="bbox 175 692 1319 895">
     <span class='ocr_line' id='line_1_2' title="bbox 176 692 1318 785; baseline 0.009 -27"><span class='ocrx_word' id='word_1_3' title='bbox 176 695 309 773; x_wconf 76' lang='lat' dir='ltr'><strong>attinet,</strong></span> <span class='ocrx_word' id='word_1_4' title='bbox 346 698 409 761; x_wconf 85' lang='lat' dir='ltr'><strong>iam</strong></span> <span class='ocrx_word' id='word_1_5' title='bbox 443 694 566 784; x_wconf 81' lang='lat' dir='ltr'>pridem</span> <span class='ocrx_word' id='word_1_6' title='bbox 597 693 676 761; x_wconf 90' lang='lat' dir='ltr'><strong>mihi</strong></span> <span class='ocrx_word' id='word_1_7' title='bbox 698 692 861 761; x_wconf 87' lang='lat' dir='ltr'><strong>decretum</strong></span> <span class='ocrx_word' id='word_1_8' title='bbox 884 707 931 762; x_wconf 91' lang='lat' dir='ltr'><strong>est</strong></span> <span class='ocrx_word' id='word_1_9' title='bbox 954 717 1058 785; x_wconf 87' lang='lat' dir='ltr'><strong>noque</strong></span> <span class='ocrx_word' id='word_1_10' title='bbox 1081 699 1236 764; x_wconf 85' lang='lat' dir='ltr'><strong>exercitus</strong></span> <span class='ocrx_word' id='word_1_11' title='bbox 1260 723 1318 768; x_wconf 88' lang='lat' dir='ltr'><strong>oe-</strong></span> 
     </span>
     <span class='ocr_line' id='line_1_3' title="bbox 175 795 1319 895; baseline 0.004 -29"><span class='ocrx_word' id='word_1_12' title='bbox 175 823 239 888; x_wconf 90' lang='lat' dir='ltr'><strong>que</strong></span> <span class='ocrx_word' id='word_1_13' title='bbox 273 799 362 866; x_wconf 89' lang='lat' dir='ltr'><strong>ducis</strong></span> <span class='ocrx_word' id='word_1_14' title='bbox 397 812 484 889; x_wconf 74' lang='lat' dir='ltr'><strong>terga</strong></span> <span class='ocrx_word' id='word_1_15' title='bbox 519 812 589 866; x_wconf 85' lang='lat' dir='ltr'><strong>tute</strong></span> <span class='ocrx_word' id='word_1_16' title='bbox 622 821 699 868; x_wconf 89' lang='lat' dir='ltr'><strong>esse.</strong></span> <span class='ocrx_word' id='word_1_17' title='bbox 746 795 889 868; x_wconf 75' lang='lat' dir='ltr'><strong>Proinde</strong></span> <span class='ocrx_word' id='word_1_18' title='bbox 911 813 944 867; x_wconf 86' lang='lat' dir='ltr'><strong>et</strong></span> <span class='ocrx_word' id='word_1_19' title='bbox 966 800 1098 868; x_wconf 86' lang='lat' dir='ltr'><strong>honesta</strong></span> <span class='ocrx_word' id='word_1_20' title='bbox 1122 825 1206 869; x_wconf 89' lang='lat' dir='ltr'><strong>mors</strong></span> <span class='ocrx_word' id='word_1_21' title='bbox 1231 807 1319 895; x_wconf 82' lang='lat' dir='ltr'><strong>turpi</strong></span> 
     </span>
    </p>
   </div>
   <div class='ocr_carea' id='block_1_3' title="bbox 74 903 1317 994">
    <p class='ocr_par' dir='ltr' id='par_1_3' title="bbox 74 903 1317 994">
     <span class='ocr_line' id='line_1_4' title="bbox 74 903 1317 994; baseline 0.006 -25"><span class='ocrx_word' id='word_1_22' title='bbox 74 958 80 969; x_wconf 94' lang='lat'><strong>.</strong></span> <span class='ocrx_word' id='word_1_23' title='bbox 176 907 241 970; x_wconf 82' lang='lat' dir='ltr'><strong>rita</strong></span> <span class='ocrx_word' id='word_1_24' title='bbox 274 905 401 994; x_wconf 88' lang='lat' dir='ltr'><strong>potior,</strong></span> <span class='ocrx_word' id='word_1_25' title='bbox 438 918 470 972; x_wconf 87' lang='lat' dir='ltr'><strong>et</strong></span> <span class='ocrx_word' id='word_1_26' title='bbox 504 906 705 972; x_wconf 81' lang='lat' dir='ltr'><strong>incolumitas</strong></span> <span class='ocrx_word' id='word_1_27' title='bbox 727 927 765 970; x_wconf 87' lang='lat' dir='ltr'><strong>ec</strong></span> <span class='ocrx_word' id='word_1_28' title='bbox 789 903 886 970; x_wconf 88' lang='lat' dir='ltr'><strong>decus</strong></span> <span class='ocrx_word' id='word_1_29' title='bbox 911 904 1022 972; x_wconf 90' lang='lat' dir='ltr'><strong>eodem</strong></span> <span class='ocrx_word' id='word_1_30' title='bbox 1045 907 1116 974; x_wconf 91' lang='lat' dir='ltr'><strong>loco</strong></span> <span class='ocrx_word' id='word_1_31' title='bbox 1138 908 1197 974; x_wconf 85' lang='lat' dir='ltr'><strong>site</strong></span> <span class='ocrx_word' id='word_1_32' title='bbox 1219 921 1317 989; x_wconf 87' lang='lat' dir='ltr'><strong>sunt;</strong></span> 
     </span>
    </p>
   </div>
   <div class='ocr_carea' id='block_1_4' title="bbox 176 1009 1323 1522">
    <p class='ocr_par' dir='ltr' id='par_1_4' title="bbox 176 1009 1323 1180">
     <span class='ocr_line' id='line_1_5' title="bbox 176 1009 1323 1098; baseline 0.004 -22"><span class='ocrx_word' id='word_1_33' title='bbox 176 1031 238 1090; x_wconf 81' lang='lat' dir='ltr'><strong>uec</strong></span> <span class='ocrx_word' id='word_1_34' title='bbox 271 1009 441 1098; x_wconf 78' lang='lat' dir='ltr'><strong>inglorium</strong></span> <span class='ocrx_word' id='word_1_35' title='bbox 475 1009 570 1075; x_wconf 86' lang='lat' dir='ltr'><strong>fuerit</strong></span> <span class='ocrx_word' id='word_1_36' title='bbox 604 1012 638 1075; x_wconf 89' lang='lat' dir='ltr'><strong>in</strong></span> <span class='ocrx_word' id='word_1_37' title='bbox 673 1011 739 1098; x_wconf 89' lang='lat' dir='ltr'><strong>ipso</strong></span> <span class='ocrx_word' id='word_1_38' title='bbox 774 1021 930 1076; x_wconf 84' lang='lat' dir='ltr'><strong>terrerum</strong></span> <span class='ocrx_word' id='word_1_39' title='bbox 965 1033 1002 1076; x_wconf 84' lang='lat' dir='ltr'><strong>ac</strong></span> <span class='ocrx_word' id='word_1_40' title='bbox 1025 1025 1157 1079; x_wconf 85' lang='lat' dir='ltr'><strong>naturae</strong></span> <span class='ocrx_word' id='word_1_41' title='bbox 1179 1013 1245 1080; x_wconf 89' lang='lat' dir='ltr'><strong>line</strong></span> <span class='ocrx_word' id='word_1_42' title='bbox 1269 1037 1323 1081; x_wconf 89' lang='lat' dir='ltr'><strong>ce·</strong></span> 
     </span>
     <span class='ocr_line' id='line_1_6' title="bbox 176 1113 298 1180; baseline -0.016 0"><span class='ocrx_word' id='word_1_43' title='bbox 176 1113 298 1180; x_wconf 80' lang='lat' dir='ltr'><strong>cidisse.</strong></span> 
     </span>
    </p>

    <p class='ocr_par' dir='ltr' id='par_1_5' title="bbox 176 1218 1320 1522">
     <span class='ocr_line' id='line_1_7' title="bbox 222 1218 1320 1308; baseline 0.005 -24"><span class='ocrx_word' id='word_1_44' title='bbox 222 1218 371 1284; x_wconf 76' lang='lat' dir='ltr'><strong>xxxiv,</strong></span> <span class='ocrx_word' id='word_1_45' title='bbox 408 1218 443 1284; x_wconf 86' lang='lat' dir='ltr'><strong>si</strong></span> <span class='ocrx_word' id='word_1_46' title='bbox 476 1241 577 1285; x_wconf 82' lang='lat' dir='ltr'><strong>norae</strong></span> <span class='ocrx_word' id='word_1_47' title='bbox 611 1231 719 1308; x_wconf 79' lang='lat' dir='ltr'><strong>gentes</strong></span> <span class='ocrx_word' id='word_1_48' title='bbox 752 1231 848 1306; x_wconf 84' lang='lat' dir='ltr'><strong>etque</strong></span> <span class='ocrx_word' id='word_1_49' title='bbox 871 1220 978 1307; x_wconf 75' lang='lat' dir='ltr'><strong>ignota</strong></span> <span class='ocrx_word' id='word_1_50' title='bbox 1002 1222 1084 1287; x_wconf 83' lang='lat' dir='ltr'><strong>ecies</strong></span> <span class='ocrx_word' id='word_1_51' title='bbox 1108 1224 1320 1303; x_wconf 75' lang='lat' dir='ltr'><strong>constitisset,</strong></span> 
     </span>
     <span class='ocr_line' id='line_1_8' title="bbox 176 1322 1320 1413; baseline 0.007 -27"><span class='ocrx_word' id='word_1_52' title='bbox 176 1323 312 1388; x_wconf 88' lang='lat' dir='ltr'><strong>eliorum</strong></span> <span class='ocrx_word' id='word_1_53' title='bbox 347 1326 542 1391; x_wconf 83' lang='lat' dir='ltr'><strong>exercituum</strong></span> <span class='ocrx_word' id='word_1_54' title='bbox 578 1325 728 1413; x_wconf 78' lang='lat' dir='ltr'><strong>exemplis</strong></span> <span class='ocrx_word' id='word_1_55' title='bbox 759 1345 812 1389; x_wconf 85' lang='lat' dir='ltr'><strong>vos</strong></span> <span class='ocrx_word' id='word_1_56' title='bbox 835 1322 1001 1406; x_wconf 79' lang='lat' dir='ltr'><strong>horterer3</strong></span> <span class='ocrx_word' id='word_1_57' title='bbox 1027 1348 1114 1391; x_wconf 88' lang='lat' dir='ltr'><strong>nuno</strong></span> <span class='ocrx_word' id='word_1_58' title='bbox 1140 1340 1240 1392; x_wconf 85' lang='lat' dir='ltr'><strong>restro</strong></span> <span class='ocrx_word' id='word_1_59' title='bbox 1263 1328 1320 1395; x_wconf 87' lang='lat' dir='ltr'><strong>de-</strong></span> 
     </span>
     <span class='ocr_line' id='line_1_9' title="bbox 176 1428 1320 1522; baseline 0.005 -30"><span class='ocrx_word' id='word_1_60' title='bbox 176 1449 251 1492; x_wconf 81' lang='lat' dir='ltr'><strong>core</strong></span> <span class='ocrx_word' id='word_1_61' title='bbox 286 1441 467 1508; x_wconf 86' lang='lat' dir='ltr'><strong>recensete,</strong></span> <span class='ocrx_word' id='word_1_62' title='bbox 501 1441 619 1496; x_wconf 85' lang='lat' dir='ltr'><strong>rastros</strong></span> <span class='ocrx_word' id='word_1_63' title='bbox 653 1428 760 1494; x_wconf 90' lang='lat' dir='ltr'><strong>oculos</strong></span> <span class='ocrx_word' id='word_1_64' title='bbox 795 1429 996 1518; x_wconf 80' lang='lat' dir='ltr'><strong>interrogate.</strong></span> <span class='ocrx_word' id='word_1_65' title='bbox 1045 1431 1087 1496; x_wconf 86' lang='lat' dir='ltr'><strong>lli</strong></span> <span class='ocrx_word' id='word_1_66' title='bbox 1122 1444 1215 1511; x_wconf 88' lang='lat' dir='ltr'><strong>sunt,</strong></span> <span class='ocrx_word' id='word_1_67' title='bbox 1241 1455 1320 1522; x_wconf 89' lang='lat' dir='ltr'><strong>quos</strong></span> 
     </span>
    </p>
   </div>
   <div class='ocr_carea' id='block_1_5' title="bbox 171 1656 1324 4478">
    <p class='ocr_par' dir='ltr' id='par_1_6' title="bbox 172 1656 1321 1802">
     <span class='ocr_line' id='line_1_10' title="bbox 176 1656 1321 1724; baseline -0.002 -18"><span class='ocrx_word' id='word_1_68' title='bbox 176 1671 208 1706; x_wconf 90' lang='lat' dir='ltr'><strong>eo</strong></span> <span class='ocrx_word' id='word_1_69' title='bbox 234 1656 323 1706; x_wconf 83' lang='lat' dir='ltr'><strong>notitia</strong></span> <span class='ocrx_word' id='word_1_70' title='bbox 347 1657 473 1718; x_wconf 88' lang='lat' dir='ltr'><strong>locorum,</strong></span> <span class='ocrx_word' id='word_1_71' title='bbox 491 1659 644 1708; x_wconf 83' lang='lat' dir='ltr'><strong>abundantia</strong></span> <span class='ocrx_word' id='word_1_72' title='bbox 660 1672 725 1710; x_wconf 89' lang='lat' dir='ltr'><strong>com·</strong></span> <span class='ocrx_word' id='word_1_73' title='bbox 771 1663 918 1720; x_wconf 84' lang='lat' dir='ltr'><strong>compertam</strong></span> <span class='ocrx_word' id='word_1_74' title='bbox 935 1657 1096 1706; x_wconf 75' lang='lat' dir='ltr'><strong>narraverim.</strong></span> <span class='ocrx_word' id='word_1_75' title='bbox 1113 1659 1157 1708; x_wconf 88' lang='lat' dir='ltr'><strong>ubi</strong></span> <span class='ocrx_word' id='word_1_76' title='bbox 1166 1657 1321 1724; x_wconf 49' lang='lat' dir='ltr'><strong>cartape-</strong></span> 
     </span>
     <span class='ocr_line' id='line_1_11' title="bbox 172 1736 1320 1802; baseline 0.005 -16"><span class='ocrx_word' id='word_1_77' title='bbox 172 1744 319 1798; x_wconf 82' lang='lat' dir='ltr'><strong>meatuum,</strong></span> <span class='ocrx_word' id='word_1_78' title='bbox 337 1739 364 1786; x_wconf 90' lang='lat' dir='ltr'><strong>in</strong></span> <span class='ocrx_word' id='word_1_79' title='bbox 381 1752 411 1788; x_wconf 90' lang='lat' dir='ltr'><strong>oo</strong></span> <span class='ocrx_word' id='word_1_80' title='bbox 427 1746 486 1788; x_wconf 82' lang='lat' dir='ltr'><strong>aunt</strong></span> <span class='ocrx_word' id='word_1_81' title='bbox 502 1740 595 1790; x_wconf 87' lang='lat' dir='ltr'><strong>omnia.</strong></span> <span class='ocrx_word' id='word_1_82' title='bbox 770 1736 825 1801; x_wconf 85' lang='lat' dir='ltr'><strong>prio</strong></span> <span class='ocrx_word' id='word_1_83' title='bbox 849 1737 881 1788; x_wconf 85' lang='lat' dir='ltr'><strong>da</strong></span> <span class='ocrx_word' id='word_1_84' title='bbox 902 1736 933 1786; x_wconf 87' lang='lat' dir='ltr'><strong>iis</strong></span> <span class='ocrx_word' id='word_1_85' title='bbox 957 1737 1061 1797; x_wconf 88' lang='lat' dir='ltr'><strong>dicitur,</strong></span> <span class='ocrx_word' id='word_1_86' title='bbox 1086 1753 1150 1802; x_wconf 84' lang='lat' dir='ltr'><strong>quae</strong></span> <span class='ocrx_word' id='word_1_87' title='bbox 1167 1741 1222 1791; x_wconf 86' lang='lat' dir='ltr'><strong>aliis</strong></span> <span class='ocrx_word' id='word_1_88' title='bbox 1238 1749 1320 1793; x_wconf 88' lang='lat' dir='ltr'><strong>aucto·</strong></span> 
     </span>
    </p>

    <p class='ocr_par' dir='ltr' id='par_1_7' title="bbox 172 1816 1324 2449">
     <span class='ocr_line' id='line_1_12' title="bbox 211 1816 1320 1880; baseline 0.004 -12"><span class='ocrx_word' id='word_1_89' title='bbox 211 1817 306 1868; x_wconf 70' lang='lat' dir='ltr'><strong>uasa</strong></span> <span class='ocrx_word' id='word_1_90' title='bbox 324 1827 347 1867; x_wconf 87' lang='lat' dir='ltr'><strong>et</strong></span> <span class='ocrx_word' id='word_1_91' title='bbox 361 1836 440 1868; x_wconf 86' lang='lat' dir='ltr'><strong>arma.</strong></span> <span class='ocrx_word' id='word_1_92' title='bbox 455 1821 602 1872; x_wconf 86' lang='lat' dir='ltr'><strong>LiviasIV.</strong></span> <span class='ocrx_word' id='word_1_93' title='bbox 612 1827 653 1872; x_wconf 80' lang='lat'><strong>82.</strong></span> <span class='ocrx_word' id='word_1_94' title='bbox 664 1819 726 1872; x_wconf 76' lang='lat' dir='ltr'><strong>llor-</strong></span> <span class='ocrx_word' id='word_1_95' title='bbox 771 1818 840 1866; x_wconf 87' lang='lat' dir='ltr'><strong>ribus</strong></span> <span class='ocrx_word' id='word_1_96' title='bbox 856 1816 1055 1880; x_wconf 79' lang='lat' dir='ltr'><strong>cognoscimus.”</strong></span> <span class='ocrx_word' id='word_1_97' title='bbox 1082 1817 1122 1868; x_wconf 82' lang='lat' dir='ltr'><strong>Cf.</strong></span> <span class='ocrx_word' id='word_1_98' title='bbox 1140 1820 1207 1870; x_wconf 86' lang='lat' dir='ltr'><strong>idom</strong></span> <span class='ocrx_word' id='word_1_99' title='bbox 1223 1823 1256 1870; x_wconf 78' lang='lat' dir='ltr'><strong>ud</strong></span> <span class='ocrx_word' id='word_1_100' title='bbox 1273 1821 1320 1872; x_wconf 86' lang='lat' dir='ltr'><strong>Ca·</strong></span> 
     </span>
     <span class='ocr_line' id='line_1_13' title="bbox 172 1895 1323 1968; baseline 0.002 -19"><span class='ocrx_word' id='word_1_101' title='bbox 172 1899 229 1949; x_wconf 85' lang='lat' dir='ltr'><strong>dem</strong></span> <span class='ocrx_word' id='word_1_102' title='bbox 248 1908 272 1948; x_wconf 87' lang='lat' dir='ltr'><strong>et</strong></span> <span class='ocrx_word' id='word_1_103' title='bbox 287 1898 413 1948; x_wconf 78' lang='lat' dir='ltr'><strong>Romanos</strong></span> <span class='ocrx_word' id='word_1_104' title='bbox 427 1909 451 1950; x_wconf 92' lang='lat' dir='ltr'><strong>et</strong></span> <span class='ocrx_word' id='word_1_105' title='bbox 466 1901 619 1962; x_wconf 71' lang='lat' dir='ltr'><strong>lustenam,</strong></span> <span class='ocrx_word' id='word_1_106' title='bbox 629 1902 726 1968; x_wconf 79' lang='lat' dir='ltr'><strong>quiper</strong></span> <span class='ocrx_word' id='word_1_107' title='bbox 772 1898 864 1948; x_wconf 78' lang='grc'><strong>11157.</strong></span> <span class='ocrx_word' id='word_1_108' title='bbox 887 1895 1039 1962; x_wconf 76' lang='lat' dir='ltr'><strong>(lampertum</strong></span> <span class='ocrx_word' id='word_1_109' title='bbox 1055 1913 1099 1962; x_wconf 80' lang='lat' dir='ltr'><strong>epo</strong></span> <span class='ocrx_word' id='word_1_110' title='bbox 1115 1898 1205 1961; x_wconf 79' lang='lat' dir='ltr'><strong>lateo,</strong></span> <span class='ocrx_word' id='word_1_111' title='bbox 1218 1901 1323 1962; x_wconf 77' lang='lat' dir='ltr'><strong>milites,</strong></span> 
     </span>
     <span class='ocr_line' id='line_1_14' title="bbox 175 1977 1324 2046; baseline 0.002 -17"><span class='ocrx_word' id='word_1_112' title='bbox 175 1989 213 2030; x_wconf 89' lang='lat' dir='ltr'><strong>tot</strong></span> <span class='ocrx_word' id='word_1_113' title='bbox 235 1980 336 2030; x_wconf 86' lang='lat' dir='ltr'><strong>saecula</strong></span> <span class='ocrx_word' id='word_1_114' title='bbox 352 1981 464 2046; x_wconf 85' lang='lat' dir='ltr'><strong>suerint.</strong></span> <span class='ocrx_word' id='word_1_115' title='bbox 491 1979 598 2032; x_wconf 85' lang='lat' dir='ltr'><strong>Eosdem</strong></span> <span class='ocrx_word' id='word_1_116' title='bbox 619 1983 725 2044; x_wconf 75' lang='lat' dir='ltr'><strong>cameos,</strong></span> <span class='ocrx_word' id='word_1_117' title='bbox 771 1979 845 2028; x_wconf 82' lang='lat' dir='ltr'><strong>certa</strong></span> <span class='ocrx_word' id='word_1_118' title='bbox 869 1979 984 2028; x_wconf 84' lang='lat' dir='ltr'><strong>uirtutem</strong></span> <span class='ocrx_word' id='word_1_119' title='bbox 1007 1995 1053 2028; x_wconf 88' lang='lat' dir='ltr'><strong>non</strong></span> <span class='ocrx_word' id='word_1_120' title='bbox 1069 1977 1171 2028; x_wconf 82' lang='lat' dir='ltr'><strong><em>addere.</em></strong></span> <span class='ocrx_word' id='word_1_121' title='bbox 1190 1979 1324 2031; x_wconf 68' lang='lat' dir='ltr'><strong>Sallustius</strong></span> 
     </span>
     <span class='ocr_line' id='line_1_15' title="bbox 173 2058 1323 2128; baseline 0.003 -18"><span class='ocrx_word' id='word_1_122' title='bbox 173 2061 274 2112; x_wconf 85' lang='lat' dir='ltr'><strong>easdem</strong></span> <span class='ocrx_word' id='word_1_123' title='bbox 290 2062 402 2126; x_wconf 84' lang='lat' dir='ltr'><strong>eorporis</strong></span> <span class='ocrx_word' id='word_1_124' title='bbox 418 2063 498 2124; x_wconf 78' lang='lat' dir='ltr'><strong>vires,</strong></span> <span class='ocrx_word' id='word_1_125' title='bbox 512 2061 674 2112; x_wconf 66' lang='lat' dir='ltr'><strong>commortua</strong></span> <span class='ocrx_word' id='word_1_126' title='bbox 686 2079 725 2128; x_wconf 80' lang='lat' dir='ltr'><strong>pe·</strong></span> <span class='ocrx_word' id='word_1_127' title='bbox 772 2073 824 2109; x_wconf 89' lang='lat' dir='ltr'><strong>non</strong></span> <span class='ocrx_word' id='word_1_128' title='bbox 847 2061 996 2123; x_wconf 83' lang='lat' dir='ltr'><strong>scripsisset:</strong></span> <span class='ocrx_word' id='word_1_129' title='bbox 1015 2058 1136 2109; x_wconf 86' lang='lat' dir='ltr'><strong>decretum</strong></span> <span class='ocrx_word' id='word_1_130' title='bbox 1152 2059 1235 2110; x_wconf 84' lang='lat' dir='ltr'><strong>labeo.</strong></span> <span class='ocrx_word' id='word_1_131' title='bbox 1254 2063 1323 2116; x_wconf 78' lang='lat' dir='ltr'><strong>Krit-</strong></span> 
     </span>
     <span class='ocr_line' id='line_1_16' title="bbox 172 2140 1323 2208; baseline 0.001 -16"><span class='ocrx_word' id='word_1_132' title='bbox 172 2158 241 2192; x_wconf 89' lang='lat' dir='ltr'><strong>rere.</strong></span> <span class='ocrx_word' id='word_1_133' title='bbox 259 2142 354 2192; x_wconf 88' lang='lat' dir='ltr'>XXII.</span> <span class='ocrx_word' id='word_1_134' title='bbox 372 2147 413 2192; x_wconf 73' lang='grc'><strong>29.</strong></span> <span class='ocrx_word' id='word_1_135' title='bbox 424 2141 532 2198; x_wconf 77' lang='lat' dir='ltr'><strong>Quarum</strong></span> <span class='ocrx_word' id='word_1_136' title='bbox 540 2159 661 2192; x_wconf 80' lang='lat' dir='ltr'><strong>sosarmo</strong></span> <span class='ocrx_word' id='word_1_137' title='bbox 669 2142 726 2194; x_wconf 75' lang='lat' dir='ltr'><strong>‹lee-</strong></span> <span class='ocrx_word' id='word_1_138' title='bbox 771 2140 825 2190; x_wconf 82' lang='lat' dir='ltr'><strong>eius</strong></span> <span class='ocrx_word' id='word_1_139' title='bbox 849 2142 926 2190; x_wconf 88' lang='lat' dir='ltr'><strong>verba</strong></span> <span class='ocrx_word' id='word_1_140' title='bbox 950 2141 1033 2191; x_wconf 84' lang='lat' dir='ltr'><strong>Taciti</strong></span> <span class='ocrx_word' id='word_1_141' title='bbox 1048 2142 1241 2206; x_wconf 75' lang='lat' dir='ltr'><strong>iuterpretatur:</strong></span> <span class='ocrx_word' id='word_1_142' title='bbox 1260 2159 1323 2208; x_wconf 77' lang='lat' dir='ltr'><strong>npu-</strong></span> 
     </span>
     <span class='ocr_line' id='line_1_17' title="bbox 175 2222 1322 2288; baseline 0.004 -17"><span class='ocrx_word' id='word_1_143' title='bbox 175 2232 280 2288; x_wconf 74' lang='lat' dir='ltr'><strong>traeque</strong></span> <span class='ocrx_word' id='word_1_144' title='bbox 297 2231 417 2273; x_wconf 74' lang='lat' dir='ltr'><strong>texerunt.</strong></span> <span class='ocrx_word' id='word_1_145' title='bbox 434 2224 526 2275; x_wconf 88' lang='lat' dir='ltr'><strong>XXV.</strong></span> <span class='ocrx_word' id='word_1_146' title='bbox 544 2229 568 2276; x_wconf 82' lang='grc'><strong>6.</strong></span> <span class='ocrx_word' id='word_1_147' title='bbox 585 2222 693 2274; x_wconf 86' lang='lat' dir='ltr'><strong>Resides</strong></span> <span class='ocrx_word' id='word_1_148' title='bbox 702 2234 726 2274; x_wconf 90' lang='lat' dir='ltr'><strong>et</strong></span> <span class='ocrx_word' id='word_1_149' title='bbox 771 2223 831 2282; x_wconf 84' lang='lat' dir='ltr'><strong>tavi,</strong></span> <span class='ocrx_word' id='word_1_150' title='bbox 848 2223 911 2272; x_wconf 90' lang='lat' dir='ltr'><strong>mihi</strong></span> <span class='ocrx_word' id='word_1_151' title='bbox 926 2236 1072 2286; x_wconf 83' lang='lat' dir='ltr'><strong>persuasum</strong></span> <span class='ocrx_word' id='word_1_152' title='bbox 1089 2223 1322 2280; x_wconf 62' lang='lat' dir='ltr'><strong>menarsiana</strong></span> 
     </span>
     <span class='ocr_line' id='line_1_18' title="bbox 173 2302 1322 2368; baseline 0.003 -15"><span class='ocrx_word' id='word_1_153' title='bbox 173 2319 274 2368; x_wconf 78' lang='lat' dir='ltr'><strong>seques,</strong></span> <span class='ocrx_word' id='word_1_154' title='bbox 297 2313 419 2367; x_wconf 81' lang='lat' dir='ltr'><strong>tamquam</strong></span> <span class='ocrx_word' id='word_1_155' title='bbox 435 2319 478 2354; x_wconf 86' lang='lat' dir='ltr'><strong>nec</strong></span> <span class='ocrx_word' id='word_1_156' title='bbox 494 2321 580 2356; x_wconf 83' lang='lat' dir='ltr'><strong>manus</strong></span> <span class='ocrx_word' id='word_1_157' title='bbox 596 2322 638 2356; x_wconf 88' lang='lat' dir='ltr'><strong>nec</strong></span> <span class='ocrx_word' id='word_1_158' title='bbox 654 2321 725 2356; x_wconf 74' lang='lat' dir='ltr'><strong>arnna</strong></span> <span class='ocrx_word' id='word_1_159' title='bbox 772 2302 846 2354; x_wconf 85' lang='lat' dir='ltr'><strong>Catil.</strong></span> <span class='ocrx_word' id='word_1_160' title='bbox 873 2303 943 2353; x_wconf 88' lang='lat' dir='ltr'><strong>IV.&#39;&#39;</strong></span> <span class='ocrx_word' id='word_1_161' title='bbox 960 2303 1078 2354; x_wconf 82' lang='lat' dir='ltr'><strong>Fortasse</strong></span> <span class='ocrx_word' id='word_1_162' title='bbox 1094 2303 1130 2354; x_wconf 89' lang='lat' dir='ltr'><strong>ibi</strong></span> <span class='ocrx_word' id='word_1_163' title='bbox 1146 2305 1275 2356; x_wconf 84' lang='lat' dir='ltr'><strong>decretum</strong></span> <span class='ocrx_word' id='word_1_164' title='bbox 1291 2307 1322 2356; x_wconf 89' lang='lat' dir='ltr'><strong>si·</strong></span> 
     </span>
     <span class='ocr_line' id='line_1_19' title="bbox 172 2384 1321 2449; baseline 0.003 -15"><span class='ocrx_word' id='word_1_165' title='bbox 172 2384 313 2434; x_wconf 78' lang='lat' dir='ltr'><strong>habeamus.</strong></span> <span class='ocrx_word' id='word_1_166' title='bbox 770 2385 872 2436; x_wconf 89' lang='lat' dir='ltr'><strong>milibus</strong></span> <span class='ocrx_word' id='word_1_167' title='bbox 896 2387 1019 2449; x_wconf 81' lang='lat' dir='ltr'><strong>exemplis</strong></span> <span class='ocrx_word' id='word_1_168' title='bbox 1036 2385 1177 2435; x_wconf 85' lang='lat' dir='ltr'><strong>illustravit.</strong></span> <span class='ocrx_word' id='word_1_169' title='bbox 1196 2386 1321 2449; x_wconf 80' lang='lat' dir='ltr'><strong>Equidem</strong></span> 
     </span>
    </p>

    <p class='ocr_par' dir='ltr' id='par_1_8' title="bbox 171 2463 1323 4478">
     <span class='ocr_line' id='line_1_20' title="bbox 211 2463 1323 2532; baseline 0.001 -16"><span class='ocrx_word' id='word_1_170' title='bbox 211 2463 286 2521; x_wconf 78' lang='lat' dir='ltr'><strong>Quod</strong></span> <span class='ocrx_word' id='word_1_171' title='bbox 308 2465 344 2516; x_wconf 86' lang='lat' dir='ltr'><strong>ad</strong></span> <span class='ocrx_word' id='word_1_172' title='bbox 366 2481 403 2516; x_wconf 83' lang='lat' dir='ltr'><strong>me</strong></span> <span class='ocrx_word' id='word_1_173' title='bbox 427 2467 531 2528; x_wconf 81' lang='lat' dir='ltr'><strong>attinet,</strong></span> <span class='ocrx_word' id='word_1_174' title='bbox 556 2467 605 2518; x_wconf 85' lang='lat' dir='ltr'><strong>iam</strong></span> <span class='ocrx_word' id='word_1_175' title='bbox 627 2467 725 2532; x_wconf 77' lang='lat' dir='ltr'><strong>pridem</strong></span> <span class='ocrx_word' id='word_1_176' title='bbox 770 2466 852 2516; x_wconf 85' lang='lat' dir='ltr'><strong>adhue</strong></span> <span class='ocrx_word' id='word_1_177' title='bbox 876 2466 976 2514; x_wconf 87' lang='lat' dir='ltr'><strong>nullum</strong></span> <span class='ocrx_word' id='word_1_178' title='bbox 999 2466 1065 2525; x_wconf 82' lang='lat' dir='ltr'><strong>ridi,</strong></span> <span class='ocrx_word' id='word_1_179' title='bbox 1090 2465 1117 2514; x_wconf 91' lang='lat' dir='ltr'><strong>in</strong></span> <span class='ocrx_word' id='word_1_180' title='bbox 1142 2479 1193 2528; x_wconf 91' lang='lat' dir='ltr'><strong>quo</strong></span> <span class='ocrx_word' id='word_1_181' title='bbox 1209 2469 1260 2526; x_wconf 79' lang='lat' dir='ltr'><strong>sic,</strong></span> <span class='ocrx_word' id='word_1_182' title='bbox 1277 2482 1323 2531; x_wconf 91' lang='lat' dir='ltr'><strong>pro</strong></span> 
     </span>
     <span class='ocr_line' id='line_1_21' title="bbox 172 2545 1319 2612; baseline 0 -14"><span class='ocrx_word' id='word_1_183' title='bbox 172 2546 234 2598; x_wconf 75' lang='lat' dir='ltr'><strong>nati</strong></span> <span class='ocrx_word' id='word_1_184' title='bbox 250 2546 372 2596; x_wconf 85' lang='lat' dir='ltr'><strong>decretum</strong></span> <span class='ocrx_word' id='word_1_185' title='bbox 388 2555 433 2596; x_wconf 84' lang='lat' dir='ltr'><strong>ast.</strong></span> <span class='ocrx_word' id='word_1_186' title='bbox 451 2548 541 2598; x_wconf 71' lang='lat' dir='ltr'><strong>Liuius</strong></span> <span class='ocrx_word' id='word_1_187' title='bbox 558 2550 597 2599; x_wconf 86' lang='lat'><strong>11.</strong></span> <span class='ocrx_word' id='word_1_188' title='bbox 615 2555 656 2600; x_wconf 84' lang='lat'><strong>45.</strong></span> <span class='ocrx_word' id='word_1_189' title='bbox 671 2547 725 2599; x_wconf 89' lang='lat' dir='ltr'><strong>Ita·</strong></span> <span class='ocrx_word' id='word_1_190' title='bbox 767 2546 871 2612; x_wconf 86' lang='lat' dir='ltr'><strong>putaui,</strong></span> <span class='ocrx_word' id='word_1_191' title='bbox 887 2545 946 2595; x_wconf 76' lang='lat' dir='ltr'><strong>miti</strong></span> <span class='ocrx_word' id='word_1_192' title='bbox 959 2547 1270 2612; x_wconf 86' lang='lat' dir='ltr'><strong>persuasumestpositum</strong></span> <span class='ocrx_word' id='word_1_193' title='bbox 1278 2549 1319 2598; x_wconf 87' lang='lat' dir='ltr'><strong>sit.</strong></span> 
     </span>
     <span class='ocr_line' id='line_1_22' title="bbox 174 2624 1319 2692; baseline 0.003 -16"><span class='ocrx_word' id='word_1_194' title='bbox 174 2643 223 2691; x_wconf 83' lang='lat' dir='ltr'><strong>que</strong></span> <span class='ocrx_word' id='word_1_195' title='bbox 248 2636 339 2678; x_wconf 85' lang='lat' dir='ltr'><strong>certum</strong></span> <span class='ocrx_word' id='word_1_196' title='bbox 364 2635 439 2692; x_wconf 82' lang='lat' dir='ltr'><strong>atque</strong></span> <span class='ocrx_word' id='word_1_197' title='bbox 464 2627 586 2678; x_wconf 65' lang='lat' dir='ltr'><strong>moretum</strong></span> <span class='ocrx_word' id='word_1_198' title='bbox 611 2637 660 2690; x_wconf 88' lang='lat' dir='ltr'><strong>est,</strong></span> <span class='ocrx_word' id='word_1_199' title='bbox 679 2645 725 2679; x_wconf 81' lang='lat' dir='ltr'><strong>non</strong></span> <span class='ocrx_word' id='word_1_200' title='bbox 805 2624 920 2676; x_wconf 81' lang='lat' dir='ltr'><strong>Honesta</strong></span> <span class='ocrx_word' id='word_1_201' title='bbox 951 2641 1016 2674; x_wconf 88' lang='lat' dir='ltr'><strong>mors</strong></span> <span class='ocrx_word' id='word_1_202' title='bbox 1049 2626 1120 2692; x_wconf 83' lang='lat' dir='ltr'><strong>turpi</strong></span> <span class='ocrx_word' id='word_1_203' title='bbox 1148 2627 1202 2678; x_wconf 87' lang='lat' dir='ltr'><strong>uita</strong></span> <span class='ocrx_word' id='word_1_204' title='bbox 1223 2628 1319 2692; x_wconf 85' lang='lat' dir='ltr'><strong>potior.</strong></span> 
     </span>
     <span class='ocr_line' id='line_1_23' title="bbox 173 2705 1321 2773; baseline 0.002 -15"><span class='ocrx_word' id='word_1_205' title='bbox 173 2707 240 2758; x_wconf 86' lang='lat' dir='ltr'><strong>dare</strong></span> <span class='ocrx_word' id='word_1_206' title='bbox 255 2709 362 2773; x_wconf 79' lang='lat' dir='ltr'><strong>ripnum,</strong></span> <span class='ocrx_word' id='word_1_207' title='bbox 378 2708 429 2758; x_wconf 83' lang='lat' dir='ltr'><strong>nisi</strong></span> <span class='ocrx_word' id='word_1_208' title='bbox 443 2709 549 2759; x_wconf 84' lang='lat' dir='ltr'><strong>uictores</strong></span> <span class='ocrx_word' id='word_1_209' title='bbox 565 2727 592 2760; x_wconf 92' lang='lat' dir='ltr'><strong>se</strong></span> <span class='ocrx_word' id='word_1_210' title='bbox 600 2711 725 2761; x_wconf 88' lang='lat' dir='ltr'><strong>redituros</strong></span> <span class='ocrx_word' id='word_1_211' title='bbox 770 2707 868 2758; x_wconf 84' lang='lat' dir='ltr'><strong>Hister.</strong></span> <span class='ocrx_word' id='word_1_212' title='bbox 884 2707 937 2757; x_wconf 92' lang='lat' dir='ltr'><strong>IV.</strong></span> <span class='ocrx_word' id='word_1_213' title='bbox 955 2711 996 2757; x_wconf 83' lang='lat'><strong>58.</strong></span> <span class='ocrx_word' id='word_1_214' title='bbox 1015 2705 1170 2772; x_wconf 81' lang='lat' dir='ltr'><strong>Martemque</strong></span> <span class='ocrx_word' id='word_1_215' title='bbox 1186 2707 1213 2758; x_wconf 85' lang='lat' dir='ltr'><strong>ia</strong></span> <span class='ocrx_word' id='word_1_216' title='bbox 1227 2717 1321 2760; x_wconf 86' lang='lat' dir='ltr'><strong>totma-</strong></span> 
     </span>
     <span class='ocr_line' id='line_1_24' title="bbox 174 2787 1322 2857; baseline 0.002 -18"><span class='ocrx_word' id='word_1_217' title='bbox 174 2806 207 2839; x_wconf 78' lang='lat' dir='ltr'><strong>ea</strong></span> <span class='ocrx_word' id='word_1_218' title='bbox 224 2790 269 2840; x_wconf 68' lang='lat' dir='ltr'><strong>liae</strong></span> <span class='ocrx_word' id='word_1_219' title='bbox 281 2807 369 2856; x_wconf 75' lang='lat' dir='ltr'><strong>peyna</strong></span> <span class='ocrx_word' id='word_1_220' title='bbox 384 2791 474 2840; x_wconf 88' lang='lat' dir='ltr'><strong>iurent.</strong></span> <span class='ocrx_word' id='word_1_221' title='bbox 507 2791 601 2842; x_wconf 83' lang='lat' dir='ltr'><strong>Fabius</strong></span> <span class='ocrx_word' id='word_1_222' title='bbox 617 2807 663 2855; x_wconf 88' lang='lat' dir='ltr'><strong>pro</strong></span> <span class='ocrx_word' id='word_1_223' title='bbox 678 2793 723 2842; x_wconf 91' lang='lat' dir='ltr'><strong>im·</strong></span> <span class='ocrx_word' id='word_1_224' title='bbox 770 2787 802 2838; x_wconf 87' lang='lat' dir='ltr'><strong>lis</strong></span> <span class='ocrx_word' id='word_1_225' title='bbox 818 2787 1322 2857; x_wconf 73' lang='lat' dir='ltr'><strong>hostium,utfiaemmiseriarum,esspe·</strong></span> 
     </span>
     <span class='ocr_line' id='line_1_25' title="bbox 174 2871 1320 2935; baseline 0.002 -15"><span class='ocrx_word' id='word_1_226' title='bbox 174 2871 246 2935; x_wconf 89' lang='lat' dir='ltr'><strong>perio</strong></span> <span class='ocrx_word' id='word_1_227' title='bbox 261 2886 346 2921; x_wconf 90' lang='lat' dir='ltr'><strong>secum</strong></span> <span class='ocrx_word' id='word_1_228' title='bbox 361 2872 519 2933; x_wconf 85' lang='lat' dir='ltr'><strong>constituere,</strong></span> <span class='ocrx_word' id='word_1_229' title='bbox 536 2872 723 2924; x_wconf 86' lang='lat' dir='ltr'><strong>sibideceruere</strong></span> <span class='ocrx_word' id='word_1_230' title='bbox 770 2878 816 2920; x_wconf 91' lang='lat' dir='ltr'><strong>cto.</strong></span> <span class='ocrx_word' id='word_1_231' title='bbox 832 2872 876 2920; x_wconf 90' lang='lat' dir='ltr'><strong>ubi</strong></span> <span class='ocrx_word' id='word_1_232' title='bbox 892 2872 976 2934; x_wconf 83' lang='lat' dir='ltr'><strong>legam</strong></span> <span class='ocrx_word' id='word_1_233' title='bbox 986 2891 992 2918; x_wconf 75' lang='grc' dir='ltr'><strong><em>ι</em></strong></span> <span class='ocrx_word' id='word_1_234' title='bbox 1001 2878 1145 2934; x_wconf 79' lang='lat' dir='ltr'><strong>mortemque</strong></span> <span class='ocrx_word' id='word_1_235' title='bbox 1154 2871 1180 2920; x_wconf 85' lang='lat' dir='ltr'><strong>in</strong></span> <span class='ocrx_word' id='word_1_236' title='bbox 1189 2872 1320 2934; x_wconf 83' lang='lat' dir='ltr'><strong>totmalis,</strong></span> 
     </span>
     <span class='ocr_line' id='line_1_26' title="bbox 174 2949 1319 3018; baseline 0 -15"><span class='ocrx_word' id='word_1_237' title='bbox 174 2958 285 3015; x_wconf 83' lang='lat' dir='ltr'><strong>poterat,</strong></span> <span class='ocrx_word' id='word_1_238' title='bbox 310 2968 357 3000; x_wconf 86' lang='lat' dir='ltr'><strong>noa</strong></span> <span class='ocrx_word' id='word_1_239' title='bbox 381 2952 443 3004; x_wconf 63' lang='lat' dir='ltr'><strong>date</strong></span> <span class='ocrx_word' id='word_1_240' title='bbox 466 2953 577 3018; x_wconf 74' lang='lat' dir='ltr'><strong>sipnum5</strong></span> <span class='ocrx_word' id='word_1_241' title='bbox 603 2954 724 3018; x_wconf 79' lang='lat' dir='ltr'><strong>Agricola</strong></span> <span class='ocrx_word' id='word_1_242' title='bbox 769 2949 891 3000; x_wconf 82' lang='lat' dir='ltr'><strong>tenestem</strong></span> <span class='ocrx_word' id='word_1_243' title='bbox 907 2959 935 2999; x_wconf 87' lang='lat' dir='ltr'><strong>ut</strong></span> <span class='ocrx_word' id='word_1_244' title='bbox 941 2951 1018 3011; x_wconf 87' lang='lat' dir='ltr'><strong>finem</strong></span> <span class='ocrx_word' id='word_1_245' title='bbox 1026 2950 1187 3010; x_wconf 88' lang='lat' dir='ltr'><strong>miseriarum,</strong></span> <span class='ocrx_word' id='word_1_246' title='bbox 1198 2962 1319 3016; x_wconf 77' lang='lat' dir='ltr'><strong>exspecto.</strong></span> 
     </span>
     <span class='ocr_line' id='line_1_27' title="bbox 174 3030 1319 3100; baseline -0.002 -16"><span class='ocrx_word' id='word_1_247' title='bbox 174 3035 309 3085; x_wconf 75' lang='lat' dir='ltr'><strong>decernas</strong></span> <span class='ocrx_word' id='word_1_248' title='bbox 333 3047 385 3084; x_wconf 90' lang='lat' dir='ltr'><strong>nou</strong></span> <span class='ocrx_word' id='word_1_249' title='bbox 400 3040 497 3098; x_wconf 83' lang='lat' dir='ltr'><strong>potarat</strong></span> <span class='ocrx_word' id='word_1_250' title='bbox 513 3044 585 3100; x_wconf 81' lang='lat' dir='ltr'><strong>terpa</strong></span> <span class='ocrx_word' id='word_1_251' title='bbox 601 3036 723 3084; x_wconf 78' lang='lat' dir='ltr'><strong>exercitus</strong></span> <span class='ocrx_word' id='word_1_252' title='bbox 802 3030 843 3081; x_wconf 89' lang='lat' dir='ltr'><strong>Hi</strong></span> <span class='ocrx_word' id='word_1_253' title='bbox 865 3039 929 3081; x_wconf 88' lang='lat' dir='ltr'><strong>sunt.</strong></span> <span class='ocrx_word' id='word_1_254' title='bbox 946 3032 988 3080; x_wconf 89' lang='lat' dir='ltr'><strong>Ita</strong></span> <span class='ocrx_word' id='word_1_255' title='bbox 1004 3031 1055 3080; x_wconf 85' lang='lat' dir='ltr'><strong>iam</strong></span> <span class='ocrx_word' id='word_1_256' title='bbox 1070 3031 1132 3080; x_wconf 89' lang='lat' dir='ltr'><strong>olim</strong></span> <span class='ocrx_word' id='word_1_257' title='bbox 1147 3045 1319 3093; x_wconf 78' lang='lat' dir='ltr'><strong>comaxeram,</strong></span> 
     </span>
     <span class='ocr_line' id='line_1_28' title="bbox 175 3111 1319 3175; baseline 0.003 -15"><span class='ocrx_word' id='word_1_258' title='bbox 175 3120 202 3161; x_wconf 86' lang='lat' dir='ltr'><strong>et</strong></span> <span class='ocrx_word' id='word_1_259' title='bbox 220 3111 290 3162; x_wconf 85' lang='lat' dir='ltr'><strong>dacis</strong></span> <span class='ocrx_word' id='word_1_260' title='bbox 306 3123 482 3166; x_wconf 86' lang='lat' dir='ltr'><strong>accessetuta.</strong></span> <span class='ocrx_word' id='word_1_261' title='bbox 501 3117 603 3166; x_wconf 83' lang='lat' dir='ltr'><strong>Poterat</strong></span> <span class='ocrx_word' id='word_1_262' title='bbox 611 3115 722 3175; x_wconf 80' lang='lat' dir='ltr'><strong>tortasse,</strong></span> <span class='ocrx_word' id='word_1_263' title='bbox 768 3126 826 3161; x_wconf 92' lang='lat' dir='ltr'><strong>eum</strong></span> <span class='ocrx_word' id='word_1_264' title='bbox 849 3111 926 3174; x_wconf 84' lang='lat' dir='ltr'><strong>vulgo</strong></span> <span class='ocrx_word' id='word_1_265' title='bbox 950 3112 1075 3174; x_wconf 76' lang='lat' dir='ltr'><strong>legeretm</strong></span> <span class='ocrx_word' id='word_1_266' title='bbox 1097 3111 1118 3160; x_wconf 86' lang='lat' dir='ltr'><strong>ii</strong></span> <span class='ocrx_word' id='word_1_267' title='bbox 1134 3121 1198 3162; x_wconf 86' lang='lat' dir='ltr'><strong>sunt.</strong></span> <span class='ocrx_word' id='word_1_268' title='bbox 1217 3114 1250 3164; x_wconf 86' lang='lat' dir='ltr'><strong>In</strong></span> <span class='ocrx_word' id='word_1_269' title='bbox 1267 3114 1319 3164; x_wconf 88' lang='lat' dir='ltr'><strong>Va·</strong></span> 
     </span>
     <span class='ocr_line' id='line_1_29' title="bbox 174 3190 1320 3259; baseline 0.003 -18"><span class='ocrx_word' id='word_1_270' title='bbox 174 3194 199 3242; x_wconf 90' lang='lat' dir='ltr'><strong>si</strong></span> <span class='ocrx_word' id='word_1_271' title='bbox 225 3207 251 3242; x_wconf 85' lang='lat' dir='ltr'><strong>v.</strong></span> <span class='ocrx_word' id='word_1_272' title='bbox 268 3208 290 3243; x_wconf 93' lang='lat' dir='ltr'><strong>c.</strong></span> <span class='ocrx_word' id='word_1_273' title='bbox 314 3195 460 3246; x_wconf 83' lang='lat' dir='ltr'><strong>insensilia</strong></span> <span class='ocrx_word' id='word_1_274' title='bbox 476 3197 579 3247; x_wconf 84' lang='lat' dir='ltr'><strong>militari</strong></span> <span class='ocrx_word' id='word_1_275' title='bbox 595 3202 722 3259; x_wconf 71' lang='lat' dir='ltr'><strong>ageremur,</strong></span> <span class='ocrx_word' id='word_1_276' title='bbox 768 3192 857 3241; x_wconf 82' lang='lat' dir='ltr'><strong>ticanIs</strong></span> <span class='ocrx_word' id='word_1_277' title='bbox 873 3190 969 3242; x_wconf 85' lang='lat' dir='ltr'><strong>esseli</strong></span> <span class='ocrx_word' id='word_1_278' title='bbox 985 3192 1036 3242; x_wconf 87' lang='lat' dir='ltr'><strong>iam</strong></span> <span class='ocrx_word' id='word_1_279' title='bbox 1044 3199 1199 3256; x_wconf 73' lang='lat' dir='ltr'><strong>compartum</strong></span> <span class='ocrx_word' id='word_1_280' title='bbox 1207 3194 1320 3245; x_wconf 79' lang='lat' dir='ltr'><strong>estAd·</strong></span> 
     </span>
     <span class='ocr_line' id='line_1_30' title="bbox 175 3273 1319 3333; baseline 0.005 -11"><span class='ocrx_word' id='word_1_281' title='bbox 175 3280 276 3326; x_wconf 70' lang='lat' dir='ltr'><strong>essatm</strong></span> <span class='ocrx_word' id='word_1_282' title='bbox 305 3277 381 3326; x_wconf 83' lang='lat' dir='ltr'><strong>turias</strong></span> <span class='ocrx_word' id='word_1_283' title='bbox 404 3278 519 3328; x_wconf 81' lang='lat' dir='ltr'><strong>recedere</strong></span> <span class='ocrx_word' id='word_1_284' title='bbox 543 3292 577 3328; x_wconf 78' lang='lat' dir='ltr'><strong>en</strong></span> <span class='ocrx_word' id='word_1_285' title='bbox 600 3278 721 3328; x_wconf 82' lang='lat' dir='ltr'><strong>resistere.</strong></span> <span class='ocrx_word' id='word_1_286' title='bbox 767 3273 892 3333; x_wconf 78' lang='lat' dir='ltr'><strong>hortatio,</strong></span> <span class='ocrx_word' id='word_1_287' title='bbox 914 3287 948 3323; x_wconf 82' lang='lat' dir='ltr'><strong>ax</strong></span> <span class='ocrx_word' id='word_1_288' title='bbox 963 3273 1067 3324; x_wconf 82' lang='lat' dir='ltr'><strong>viatoria</strong></span> <span class='ocrx_word' id='word_1_289' title='bbox 1084 3276 1116 3324; x_wconf 90' lang='lat' dir='ltr'><strong>ab</strong></span> <span class='ocrx_word' id='word_1_290' title='bbox 1133 3275 1224 3326; x_wconf 82' lang='lat' dir='ltr'><strong>iisdem</strong></span> <span class='ocrx_word' id='word_1_291' title='bbox 1240 3277 1319 3328; x_wconf 85' lang='lat' dir='ltr'><strong>hosti·</strong></span> 
     </span>
     <span class='ocr_line' id='line_1_31' title="bbox 175 3356 1320 3419; baseline 0.001 -11"><span class='ocrx_word' id='word_1_292' title='bbox 175 3357 268 3408; x_wconf 82' lang='lat' dir='ltr'><strong>Livius</strong></span> <span class='ocrx_word' id='word_1_293' title='bbox 293 3358 346 3408; x_wconf 92' lang='lat' dir='ltr'><strong>III.</strong></span> <span class='ocrx_word' id='word_1_294' title='bbox 365 3363 406 3408; x_wconf 80' lang='lat'><strong>62.</strong></span> <span class='ocrx_word' id='word_1_295' title='bbox 425 3356 499 3414; x_wconf 82' lang='lat' dir='ltr'><strong>Quod</strong></span> <span class='ocrx_word' id='word_1_296' title='bbox 514 3358 550 3408; x_wconf 88' lang='lat' dir='ltr'><strong>od</strong></span> <span class='ocrx_word' id='word_1_297' title='bbox 564 3373 600 3408; x_wconf 89' lang='lat' dir='ltr'><strong>me</strong></span> <span class='ocrx_word' id='word_1_298' title='bbox 616 3359 722 3418; x_wconf 83' lang='lat' dir='ltr'><strong>attinet,</strong></span> <span class='ocrx_word' id='word_1_299' title='bbox 768 3357 814 3406; x_wconf 85' lang='lat' dir='ltr'><strong>bus</strong></span> <span class='ocrx_word' id='word_1_300' title='bbox 839 3362 913 3405; x_wconf 83' lang='lat' dir='ltr'><strong>antea</strong></span> <span class='ocrx_word' id='word_1_301' title='bbox 936 3361 1074 3418; x_wconf 82' lang='lat' dir='ltr'><strong>reportata,</strong></span> <span class='ocrx_word' id='word_1_302' title='bbox 1091 3370 1165 3419; x_wconf 80' lang='lat' dir='ltr'><strong>saepe</strong></span> <span class='ocrx_word' id='word_1_303' title='bbox 1181 3360 1320 3410; x_wconf 82' lang='lat' dir='ltr'><strong>edacibus</strong></span> 
     </span>
     <span class='ocr_line' id='line_1_32' title="bbox 174 3435 1318 3502; baseline -0.001 -13"><span class='ocrx_word' id='word_1_304' title='bbox 174 3439 206 3489; x_wconf 84' lang='lat' dir='ltr'><strong>id</strong></span> <span class='ocrx_word' id='word_1_305' title='bbox 230 3439 326 3490; x_wconf 76' lang='lat' dir='ltr'><strong>aemilii</strong></span> <span class='ocrx_word' id='word_1_306' title='bbox 350 3439 474 3502; x_wconf 81' lang='lat' dir='ltr'><strong>animique</strong></span> <span class='ocrx_word' id='word_1_307' title='bbox 499 3439 628 3490; x_wconf 81' lang='lat' dir='ltr'><strong>latiturus</strong></span> <span class='ocrx_word' id='word_1_308' title='bbox 654 3455 722 3499; x_wconf 85' lang='lat' dir='ltr'><strong>sum,</strong></span> <span class='ocrx_word' id='word_1_309' title='bbox 769 3436 905 3486; x_wconf 78' lang='lat' dir='ltr'><strong>adhibetur.</strong></span> <span class='ocrx_word' id='word_1_310' title='bbox 932 3435 1035 3486; x_wconf 82' lang='lat' dir='ltr'><strong>Sallust.</strong></span> <span class='ocrx_word' id='word_1_311' title='bbox 1061 3435 1119 3498; x_wconf 82' lang='lat' dir='ltr'><strong>Iug.</strong></span> <span class='ocrx_word' id='word_1_312' title='bbox 1138 3442 1180 3486; x_wconf 87' lang='grc'><strong>49.</strong></span> <span class='ocrx_word' id='word_1_313' title='bbox 1203 3435 1263 3488; x_wconf 79' lang='lat' dir='ltr'><strong>Cam</strong></span> <span class='ocrx_word' id='word_1_314' title='bbox 1279 3439 1318 3488; x_wconf 83' lang='lat' dir='ltr'><strong>iris</strong></span> 
     </span>
     <span class='ocr_line' id='line_1_33' title="bbox 174 3515 1320 3586; baseline -0.007 -16"><span class='ocrx_word' id='word_1_315' title='bbox 174 3519 244 3585; x_wconf 82' lang='lat' dir='ltr'><strong>quod</strong></span> <span class='ocrx_word' id='word_1_316' title='bbox 257 3537 313 3580; x_wconf 84' lang='lat' dir='ltr'><strong>uos,</strong></span> <span class='ocrx_word' id='word_1_317' title='bbox 337 3520 435 3580; x_wconf 83' lang='lat' dir='ltr'><strong>milites,</strong></span> <span class='ocrx_word' id='word_1_318' title='bbox 451 3520 511 3572; x_wconf 85' lang='lat' dir='ltr'><strong>milri</strong></span> <span class='ocrx_word' id='word_1_319' title='bbox 527 3519 671 3586; x_wconf 83' lang='lat' dir='ltr'><strong>effeceritis.</strong></span> <span class='ocrx_word' id='word_1_320' title='bbox 687 3520 724 3570; x_wconf 89' lang='lat' dir='ltr'><strong>ibi</strong></span> <span class='ocrx_word' id='word_1_321' title='bbox 769 3523 889 3564; x_wconf 80' lang='lat' dir='ltr'><strong>certantem</strong></span> <span class='ocrx_word' id='word_1_322' title='bbox 908 3515 986 3578; x_wconf 86' lang='lat' dir='ltr'><strong>sore,</strong></span> <span class='ocrx_word' id='word_1_323' title='bbox 1012 3531 1073 3578; x_wconf 85' lang='lat' dir='ltr'><strong>quos</strong></span> <span class='ocrx_word' id='word_1_324' title='bbox 1090 3523 1164 3565; x_wconf 80' lang='lat' dir='ltr'><strong>antea</strong></span> <span class='ocrx_word' id='word_1_325' title='bbox 1180 3517 1258 3568; x_wconf 79' lang='lat' dir='ltr'><strong>victae</strong></span> <span class='ocrx_word' id='word_1_326' title='bbox 1274 3521 1320 3570; x_wconf 68' lang='lat' dir='ltr'><strong>set</strong></span> 
     </span>
     <span class='ocr_line' id='line_1_34' title="bbox 173 3595 1319 3661; baseline 0 -9"><span class='ocrx_word' id='word_1_327' title='bbox 173 3608 243 3652; x_wconf 86' lang='lat' dir='ltr'><strong>recta</strong></span> <span class='ocrx_word' id='word_1_328' title='bbox 259 3615 286 3652; x_wconf 88' lang='lat' dir='ltr'><strong>sa</strong></span> <span class='ocrx_word' id='word_1_329' title='bbox 301 3602 420 3652; x_wconf 81' lang='lat' dir='ltr'><strong>haberet:</strong></span> <span class='ocrx_word' id='word_1_330' title='bbox 437 3599 465 3649; x_wconf 89' lang='lat' dir='ltr'><strong>id</strong></span> <span class='ocrx_word' id='word_1_331' title='bbox 471 3599 658 3652; x_wconf 85' lang='lat' dir='ltr'><strong>decretummiln&#39;</strong></span> <span class='ocrx_word' id='word_1_332' title='bbox 666 3601 722 3650; x_wconf 83' lang='lat' dir='ltr'><strong>erit.</strong></span> <span class='ocrx_word' id='word_1_333' title='bbox 768 3598 851 3661; x_wconf 78' lang='lat' dir='ltr'><strong>iupum</strong></span> <span class='ocrx_word' id='word_1_334' title='bbox 873 3595 990 3646; x_wconf 82' lang='lat' dir='ltr'><strong>miserint.</strong></span> <span class='ocrx_word' id='word_1_335' title='bbox 1017 3595 1109 3648; x_wconf 80' lang='lat' dir='ltr'><strong>Caesar</strong></span> <span class='ocrx_word' id='word_1_336' title='bbox 1134 3598 1167 3647; x_wconf 89' lang='lat' dir='ltr'><strong>B.</strong></span> <span class='ocrx_word' id='word_1_337' title='bbox 1193 3596 1225 3649; x_wconf 87' lang='lat' dir='ltr'><strong>G.</strong></span> <span class='ocrx_word' id='word_1_338' title='bbox 1251 3601 1275 3650; x_wconf 94' lang='grc' dir='ltr'><strong>Ι.</strong></span> <span class='ocrx_word' id='word_1_339' title='bbox 1294 3607 1319 3652; x_wconf 90' lang='grc'><strong>9.</strong></span> 
     </span>
     <span class='ocr_line' id='line_1_35' title="bbox 171 3674 1318 3748; baseline 0.001 -16"><span class='ocrx_word' id='word_1_340' title='bbox 171 3683 230 3734; x_wconf 83' lang='lat' dir='ltr'><strong>Sed</strong></span> <span class='ocrx_word' id='word_1_341' title='bbox 253 3681 376 3736; x_wconf 73' lang='lat' dir='ltr'><strong>exereitus</strong></span> <span class='ocrx_word' id='word_1_342' title='bbox 397 3689 421 3732; x_wconf 87' lang='lat' dir='ltr'><strong>et</strong></span> <span class='ocrx_word' id='word_1_343' title='bbox 433 3680 503 3732; x_wconf 87' lang='lat' dir='ltr'><strong>ducis</strong></span> <span class='ocrx_word' id='word_1_344' title='bbox 519 3690 591 3745; x_wconf 77' lang='lat' dir='ltr'><strong>torpa</strong></span> <span class='ocrx_word' id='word_1_345' title='bbox 606 3697 653 3730; x_wconf 84' lang='lat' dir='ltr'><strong>non</strong></span> <span class='ocrx_word' id='word_1_346' title='bbox 669 3687 724 3730; x_wconf 88' lang='lat' dir='ltr'><strong>tuta</strong></span> <span class='ocrx_word' id='word_1_347' title='bbox 769 3676 826 3728; x_wconf 86' lang='lat' dir='ltr'><strong>Hos</strong></span> <span class='ocrx_word' id='word_1_348' title='bbox 847 3691 900 3726; x_wconf 85' lang='lat' dir='ltr'><strong>esse</strong></span> <span class='ocrx_word' id='word_1_349' title='bbox 920 3674 1068 3739; x_wconf 77' lang='lat' dir='ltr'><strong>Gemnanos,</strong></span> <span class='ocrx_word' id='word_1_350' title='bbox 1085 3678 1226 3742; x_wconf 76' lang='lat' dir='ltr'><strong>quibuscum</strong></span> <span class='ocrx_word' id='word_1_351' title='bbox 1241 3697 1318 3748; x_wconf 83' lang='lat' dir='ltr'><strong>saepe</strong></span> 
     </span>
     <span class='ocr_line' id='line_1_36' title="bbox 173 3757 1317 3826; baseline 0.002 -12"><span class='ocrx_word' id='word_1_352' title='bbox 173 3771 247 3824; x_wconf 87' lang='lat' dir='ltr'><strong>sunt,</strong></span> <span class='ocrx_word' id='word_1_353' title='bbox 270 3770 308 3814; x_wconf 89' lang='lat' dir='ltr'><strong>ost</strong></span> <span class='ocrx_word' id='word_1_354' title='bbox 333 3763 470 3822; x_wconf 79' lang='lat' dir='ltr'><strong>mutantia,</strong></span> <span class='ocrx_word' id='word_1_355' title='bbox 487 3775 560 3826; x_wconf 78' lang='lat' dir='ltr'><strong>saepe</strong></span> <span class='ocrx_word' id='word_1_356' title='bbox 576 3776 591 3811; x_wconf 88' lang='lat' dir='ltr'><strong>a</strong></span> <span class='ocrx_word' id='word_1_357' title='bbox 607 3761 667 3810; x_wconf 89' lang='lat' dir='ltr'><strong>belli</strong></span> <span class='ocrx_word' id='word_1_358' title='bbox 683 3774 723 3823; x_wconf 88' lang='lat' dir='ltr'><strong>pe·</strong></span> <span class='ocrx_word' id='word_1_359' title='bbox 769 3773 865 3808; x_wconf 79' lang='lat' dir='ltr'><strong>mnam</strong></span> <span class='ocrx_word' id='word_1_360' title='bbox 882 3759 1007 3823; x_wconf 81' lang='lat' dir='ltr'><strong>conpressi</strong></span> <span class='ocrx_word' id='word_1_361' title='bbox 1021 3757 1134 3810; x_wconf 84' lang='lat' dir='ltr'><strong>Helvetii</strong></span> <span class='ocrx_word' id='word_1_362' title='bbox 1150 3773 1317 3826; x_wconf 81' lang='lat' dir='ltr'><strong>superassent.</strong></span> 
     </span>
     <span class='ocr_line' id='line_1_37' title="bbox 173 3839 1319 3907; baseline -0.002 -10"><span class='ocrx_word' id='word_1_363' title='bbox 173 3847 230 3898; x_wconf 88' lang='lat' dir='ltr'><strong>ritis</strong></span> <span class='ocrx_word' id='word_1_364' title='bbox 254 3852 281 3896; x_wconf 83' lang='lat' dir='ltr'><strong>et</strong></span> <span class='ocrx_word' id='word_1_365' title='bbox 303 3844 464 3894; x_wconf 79' lang='lat' dir='ltr'><strong>historiarum</strong></span> <span class='ocrx_word' id='word_1_366' title='bbox 487 3843 646 3906; x_wconf 86' lang='lat' dir='ltr'><strong>scriptoribus</strong></span> <span class='ocrx_word' id='word_1_367' title='bbox 661 3841 723 3892; x_wconf 84' lang='lat' dir='ltr'><strong>cala·</strong></span> <span class='ocrx_word' id='word_1_368' title='bbox 770 3841 828 3891; x_wconf 87' lang='lat' dir='ltr'><strong>Liv.</strong></span> <span class='ocrx_word' id='word_1_369' title='bbox 854 3839 977 3890; x_wconf 87' lang='lat' dir='ltr'><strong>XXVII.</strong></span> <span class='ocrx_word' id='word_1_370' title='bbox 1003 3846 1041 3891; x_wconf 86' lang='lat' dir='ltr'><strong>la.</strong></span> <span class='ocrx_word' id='word_1_371' title='bbox 1059 3839 1157 3907; x_wconf 87' lang='lat' dir='ltr'><strong>Nempe</strong></span> <span class='ocrx_word' id='word_1_372' title='bbox 1172 3843 1246 3894; x_wconf 90' lang='lat' dir='ltr'><strong>iidem</strong></span> <span class='ocrx_word' id='word_1_373' title='bbox 1262 3854 1319 3895; x_wconf 82' lang='lat' dir='ltr'><strong>suat</strong></span> 
     </span>
     <span class='ocr_line' id='line_1_38' title="bbox 174 3921 1316 3990; baseline -0.004 -12"><span class='ocrx_word' id='word_1_374' title='bbox 174 3930 255 3978; x_wconf 86' lang='lat' dir='ltr'><strong>brata.</strong></span> <span class='ocrx_word' id='word_1_375' title='bbox 280 3926 400 3990; x_wconf 81' lang='lat' dir='ltr'><strong>Agricola</strong></span> <span class='ocrx_word' id='word_1_376' title='bbox 423 3926 471 3974; x_wconf 90' lang='lat' dir='ltr'><strong>hoo</strong></span> <span class='ocrx_word' id='word_1_377' title='bbox 496 3925 547 3978; x_wconf 87' lang='lat' dir='ltr'><strong>iam</strong></span> <span class='ocrx_word' id='word_1_378' title='bbox 570 3925 667 3988; x_wconf 81' lang='lat' dir='ltr'><strong>pridem</strong></span> <span class='ocrx_word' id='word_1_379' title='bbox 691 3937 724 3972; x_wconf 82' lang='lat' dir='ltr'><strong>ex</strong></span> <span class='ocrx_word' id='word_1_380' title='bbox 769 3921 796 3972; x_wconf 83' lang='lat' dir='ltr'><strong>ii</strong></span> <span class='ocrx_word' id='word_1_381' title='bbox 820 3921 912 3981; x_wconf 78' lang='lat' dir='ltr'><strong>hostes,</strong></span> <span class='ocrx_word' id='word_1_382' title='bbox 931 3937 991 3984; x_wconf 83' lang='lat' dir='ltr'><strong>qnos</strong></span> <span class='ocrx_word' id='word_1_383' title='bbox 1006 3921 1120 3970; x_wconf 84' lang='lat' dir='ltr'><strong>vincendo</strong></span> <span class='ocrx_word' id='word_1_384' title='bbox 1138 3923 1316 3988; x_wconf 80' lang='lat' dir='ltr'><strong>absumpsistie.</strong></span> 
     </span>
     <span class='ocr_line' id='line_1_39' title="bbox 173 3999 1318 4071; baseline -0.006 -11"><span class='ocrx_word' id='word_1_385' title='bbox 173 4009 286 4060; x_wconf 83' lang='lat' dir='ltr'><strong>historiis</strong></span> <span class='ocrx_word' id='word_1_386' title='bbox 308 4008 441 4066; x_wconf 64' lang='lat' dir='ltr'><strong>didiceram</strong></span> <span class='ocrx_word' id='word_1_387' title='bbox 463 4007 532 4071; x_wconf 87' lang='lat' dir='ltr'><strong>quod</strong></span> <span class='ocrx_word' id='word_1_388' title='bbox 556 4007 591 4055; x_wconf 83' lang='lat' dir='ltr'><strong>ita</strong></span> <span class='ocrx_word' id='word_1_389' title='bbox 606 4005 724 4056; x_wconf 70' lang='lat' dir='ltr'><strong>mestruas</strong></span> <span class='ocrx_word' id='word_1_390' title='bbox 770 4001 911 4053; x_wconf 86' lang='lat' dir='ltr'><strong>XXXIII.</strong></span> <span class='ocrx_word' id='word_1_391' title='bbox 927 4007 952 4052; x_wconf 84' lang='grc'><strong>8.</strong></span> <span class='ocrx_word' id='word_1_392' title='bbox 967 3999 1047 4052; x_wconf 84' lang='lat' dir='ltr'><strong>Simul</strong></span> <span class='ocrx_word' id='word_1_393' title='bbox 1061 4000 1318 4062; x_wconf 53' lang='lat' dir='ltr'><strong>adamaensmumiia·</strong></span> 
     </span>
     <span class='ocr_line' id='line_1_40' title="bbox 174 4080 1320 4152; baseline -0.006 -12"><span class='ocrx_word' id='word_1_394' title='bbox 174 4096 202 4140; x_wconf 86' lang='lat' dir='ltr'><strong>et</strong></span> <span class='ocrx_word' id='word_1_395' title='bbox 227 4090 348 4152; x_wconf 82' lang='lat' dir='ltr'><strong>exemplis</strong></span> <span class='ocrx_word' id='word_1_396' title='bbox 371 4094 470 4138; x_wconf 82' lang='lat' dir='ltr'><strong>nostrae</strong></span> <span class='ocrx_word' id='word_1_397' title='bbox 486 4087 622 4136; x_wconf 82' lang='lat' dir='ltr'><strong>memoriae</strong></span> <span class='ocrx_word' id='word_1_398' title='bbox 637 4086 745 4136; x_wconf 60' lang='lat' dir='ltr'><strong>confir»</strong></span> <span class='ocrx_word' id='word_1_399' title='bbox 770 4083 823 4133; x_wconf 88' lang='lat' dir='ltr'><strong>dem</strong></span> <span class='ocrx_word' id='word_1_400' title='bbox 840 4080 1016 4132; x_wconf 82' lang='lat' dir='ltr'><strong>Macedonibus</strong></span> <span class='ocrx_word' id='word_1_401' title='bbox 1028 4089 1198 4147; x_wconf 82' lang='lat' dir='ltr'><strong>pupnaturos,</strong></span> <span class='ocrx_word' id='word_1_402' title='bbox 1215 4083 1320 4145; x_wconf 82' lang='lat' dir='ltr'><strong>quosad</strong></span> 
     </span>
     <span class='ocr_line' id='line_1_41' title="bbox 175 4151 1317 4231; baseline -0.006 -11"><span class='ocrx_word' id='word_1_403' title='bbox 175 4176 274 4220; x_wconf 86' lang='lat' dir='ltr'><strong>matum</strong></span> <span class='ocrx_word' id='word_1_404' title='bbox 297 4170 420 4229; x_wconf 81' lang='lat' dir='ltr'><strong>vidimus,</strong></span> <span class='ocrx_word' id='word_1_405' title='bbox 444 4169 493 4218; x_wconf 92' lang='lat' dir='ltr'><strong>hoc</strong></span> <span class='ocrx_word' id='word_1_406' title='bbox 513 4173 641 4231; x_wconf 83' lang='lat' dir='ltr'><strong>tamquam</strong></span> <span class='ocrx_word' id='word_1_407' title='bbox 657 4151 745 4224; x_wconf 32' lang='lat' dir='ltr'><strong>corto:</strong></span> <span class='ocrx_word' id='word_1_408' title='bbox 772 4163 850 4230; x_wconf 83' lang='lat' dir='ltr'><strong>Epiri</strong></span> <span class='ocrx_word' id='word_1_409' title='bbox 867 4165 964 4228; x_wconf 85' lang='lat' dir='ltr'><strong>fauces</strong></span> <span class='ocrx_word' id='word_1_410' title='bbox 988 4163 1137 4228; x_wconf 73' lang='lat' dir='ltr'><strong>expulissent</strong></span> <span class='ocrx_word' id='word_1_411' title='bbox 1158 4161 1261 4226; x_wconf 82' lang='lat' dir='ltr'><strong>acieque</strong></span> <span class='ocrx_word' id='word_1_412' title='bbox 1276 4179 1317 4213; x_wconf 80' lang='lat' dir='ltr'><strong>ea·-</strong></span> 
     </span>
     <span class='ocr_line' id='line_1_42' title="bbox 172 4241 1318 4316; baseline -0.008 -13"><span class='ocrx_word' id='word_1_413' title='bbox 172 4247 586 4316; x_wconf 73' lang='lat' dir='ltr'><strong>eogniam‚verum‚accipt1nus.</strong></span> <span class='ocrx_word' id='word_1_414' title='bbox 605 4249 725 4298; x_wconf 81' lang='lat' dir='ltr'><strong>Latinum</strong></span> <span class='ocrx_word' id='word_1_415' title='bbox 767 4251 937 4310; x_wconf 76' lang='lat' dir='ltr'><strong>pupnassent,·</strong></span> <span class='ocrx_word' id='word_1_416' title='bbox 963 4259 1015 4292; x_wconf 86' lang='lat' dir='ltr'><strong>oum</strong></span> <span class='ocrx_word' id='word_1_417' title='bbox 1039 4243 1084 4304; x_wconf 87' lang='lat' dir='ltr'><strong>iis,</strong></span> <span class='ocrx_word' id='word_1_418' title='bbox 1103 4259 1163 4306; x_wconf 86' lang='lat' dir='ltr'><strong>quos</strong></span> <span class='ocrx_word' id='word_1_419' title='bbox 1180 4241 1214 4293; x_wconf 94' lang='lat' dir='ltr'><strong>P.</strong></span> <span class='ocrx_word' id='word_1_420' title='bbox 1233 4242 1318 4310; x_wconf 72' lang='lat' dir='ltr'><strong>Salpi-</strong></span> 
     </span>
     <span class='ocr_line' id='line_1_43' title="bbox 176 4323 1317 4396; baseline -0.004 -13"><span class='ocrx_word' id='word_1_421' title='bbox 176 4338 246 4382; x_wconf 81' lang='lat' dir='ltr'><strong>orat:</strong></span> <span class='ocrx_word' id='word_1_422' title='bbox 263 4333 314 4382; x_wconf 74' lang='lat' dir='ltr'><strong>eam</strong></span> <span class='ocrx_word' id='word_1_423' title='bbox 328 4329 426 4396; x_wconf 80' lang='lat' dir='ltr'><strong>pridem</strong></span> <span class='ocrx_word' id='word_1_424' title='bbox 441 4328 500 4380; x_wconf 80' lang='lat' dir='ltr'><strong>atili</strong></span> <span class='ocrx_word' id='word_1_425' title='bbox 516 4336 663 4393; x_wconf 85' lang='lat' dir='ltr'><strong>compertum</strong></span> <span class='ocrx_word' id='word_1_426' title='bbox 679 4337 723 4380; x_wconf 86' lang='lat' dir='ltr'><strong>est.</strong></span> <span class='ocrx_word' id='word_1_427' title='bbox 771 4325 801 4376; x_wconf 89' lang='lat' dir='ltr'><strong>tii</strong></span> <span class='ocrx_word' id='word_1_428' title='bbox 814 4323 888 4390; x_wconf 85' lang='lat' dir='ltr'><strong>prius</strong></span> <span class='ocrx_word' id='word_1_429' title='bbox 905 4323 1110 4374; x_wconf 85' lang='lat' dir='ltr'><strong>ductavioissent.</strong></span> <span class='ocrx_word' id='word_1_430' title='bbox 1128 4325 1209 4375; x_wconf 87' lang='lat' dir='ltr'><strong>Tacit.</strong></span> <span class='ocrx_word' id='word_1_431' title='bbox 1219 4325 1317 4378; x_wconf 83' lang='lat' dir='ltr'><strong>Annei.</strong></span> 
     </span>
     <span class='ocr_line' id='line_1_44' title="bbox 178 4402 1318 4478; baseline -0.005 -14"><span class='ocrx_word' id='word_1_432' title='bbox 178 4413 283 4466; x_wconf 83' lang='lat' dir='ltr'><strong>Sallust.</strong></span> <span class='ocrx_word' id='word_1_433' title='bbox 311 4415 367 4478; x_wconf 81' lang='lat' dir='ltr'><strong>lug.</strong></span> <span class='ocrx_word' id='word_1_434' title='bbox 397 4417 435 4464; x_wconf 86' lang='lat'><strong>1³.</strong></span> <span class='ocrx_word' id='word_1_435' title='bbox 454 4409 496 4461; x_wconf 89' lang='lat' dir='ltr'><strong>De</strong></span> <span class='ocrx_word' id='word_1_436' title='bbox 513 4408 545 4461; x_wconf 92' lang='lat' dir='ltr'><strong>iis</strong></span> <span class='ocrx_word' id='word_1_437' title='bbox 562 4407 630 4460; x_wconf 88' lang='lat' dir='ltr'><strong>laud</strong></span> <span class='ocrx_word' id='word_1_438' title='bbox 639 4408 724 4474; x_wconf 82' lang='lat' dir='ltr'><strong>facile</strong></span> <span class='ocrx_word' id='word_1_439' title='bbox 771 4407 810 4460; x_wconf 91' lang='lat' dir='ltr'><strong>II.</strong></span> <span class='ocrx_word' id='word_1_440' title='bbox 839 4410 875 4455; x_wconf 80' lang='lat'><strong>15.</strong></span> <span class='ocrx_word' id='word_1_441' title='bbox 903 4402 958 4453; x_wconf 87' lang='lat' dir='ltr'><strong>Hos</strong></span> <span class='ocrx_word' id='word_1_442' title='bbox 982 4420 1034 4454; x_wconf 88' lang='lat' dir='ltr'><strong>esse</strong></span> <span class='ocrx_word' id='word_1_443' title='bbox 1050 4403 1187 4467; x_wconf 87' lang='lat' dir='ltr'><strong>Romanas,</strong></span> <span class='ocrx_word' id='word_1_444' title='bbox 1209 4405 1318 4458; x_wconf 79' lang='lat' dir='ltr'><strong>Variani</strong></span> 
     </span>
    </p>
   </div>
   <div class='ocr_carea' id='block_1_6' title="bbox 0 0 1574 5308">
    <p class='ocr_par' dir='ltr' id='par_1_9' title="bbox 0 0 1574 5308">
     <span class='ocr_line' id='line_1_45' title="bbox 0 0 1574 5308; baseline 0 0"><span class='ocrx_word' id='word_1_445' title='bbox 0 0 1574 5308; x_wconf 95' lang='lat' dir='ltr'><strong> </strong></span> 
     </span>
    </p>
   </div>
  </div>
 </body>
</html>
