3134 5310
206 507 247 569 44
638 517 793 566 conrann·
816 519 925 566 rao1r1

208 711 352 780 namque
382 689 501 766 divisa3
540 688 595 754 nbi
620 700 791 754 conventas
816 710 853 753 ac
875 688 992 756 indicia
1014 707 1200 780 poscerent,
1226 701 1351 787 gratis,

204 799 360 873 intentus,
396 817 537 871 serenus,
571 807 604 860 et
632 795 755 882 saepius
786 794 979 874 misericors3
1015 796 1070 861 uhi
1102 799 1206 865 officio
1231 806 1356 870 satisfa-

206 915 317 980 ctum,
341 901 430 966 nulla
455 901 537 966 ultra
557 901 717 990 potcstatis
740 922 882 988 persona.
910 900 1081 967 'iristitiam
1093 917 1125 968 et
1138 913 1354 996 arrogantiam

238 1129 408 1182 Nailo‘aitra
420 1131 557 1197 potestatis
569 1137 686 1196 macria.
721 1131 753 1179 In
800 1129 930 1192 praefectis
961 1131 1145 1192 provinciaram
1170 1136 1246 1200 vulgo
1272 1145 1353 1211 assae3

205 1213 336 1262 Vaticanis
362 1219 386 1263 et
412 1213 552 1262 Puteolano
577 1212 668 1261 nattam
685 1211 754 1260 altro
800 1211 891 1259 deinde
916 1223 948 1258 ex
973 1213 1086 1274 margine
1111 1215 1137 1262 in
1155 1222 1254 1265 textum
1270 1226 1354 1268 nans-

199 1294 336 1359 potestotis
362 1305 502 1358 personam.
539 1292 608 1344 Olim
637 1293 753 1342 aecusati-
799 1291 858 1344 lata.
895 1292 926 1339 Τ.
944 1290 1027 1340 Faber
1043 1293 1070 1342 in
1088 1295 1355 1362 Epist.II.18,qnod

202 1391 264 1424 rum
290 1375 415 1438 explicare
432 1377 547 1426 conabar.
583 1374 692 1424 Romani
708 1373 753 1422 eoi·
798 1377 885 1434 postea
907 1373 972 1431 ridi,
989 1374 1076 1422 eadem
1092 1377 1253 1427 vehementer
1267 1393 1354 1443 repre-

204 1457 263 1506 lioet
280 1457 315 1506 sic
331 1455 753 1518 cumaffeamloquuntnr,quando
798 1453 1354 1525 hendit,quamqaamsintscriptoriauqnam

202 1550 257 1588 rem
283 1538 394 1601 aliquam
417 1537 502 1586 obessa
518 1538 617 1595 dicunt,
634 1536 752 1598 cupiant,
799 1534 842 1584 alii
866 1549 996 1598 nunquam
1019 1548 1122 1598 peram
1147 1540 1234 1605 ainnt;
1251 1547 1353 1592 tantam

201 1618 334 1676 laetantur,
352 1619 445 1667 dolent.
465 1619 646 1668 vehementior
664 1623 701 1665 est
718 1617 753 1666 af·
799 1615 825 1663 in
851 1615 895 1664 illo
920 1617 973 1666 vim
994 1616 1080 1668 iudicii
1096 1633 1150 1669 essa
1166 1623 1353 1673 contendunt.”

203 1700 282 1750 iectus
307 1701 333 1748 in
360 1700 466 1750 formula
488 1716 535 1762 quo
553 1698 611 1747 milri
629 1697 752 1746 divitias!
798 1697 898 1746 Deinde
919 1698 954 1746 sic
970 1698 1091 1760 disputat:
1112 1701 1198 1750 aInde
1214 1705 1274 1766 quid
1290 1706 1351 1766 fiet,

203 1780 267 1830 onds
283 1781 343 1830 miii
356 1779 426 1830 Deos
440 1790 489 1830 tom
501 1779 751 1845 facilesiv.Heine.
798 1778 819 1826 si
844 1779 899 1841 quia
924 1779 1064 1830 orationem
1088 1783 1239 1832 condrensi
1274 1783 1349 1850 Erpa

204 1865 236 1914 ed
268 1862 343 1912 Ovid.
370 1863 476 1914 Heroid.
503 1863 570 1912 XII.
597 1867 638 1910 84.
665 1862 753 1914 Minus
797 1855 920 1923 Agricola
951 1860 1072 1910 interdum
1105 1878 1240 1928 arrepens,
1273 1867 1353 1916 iasar.

201 1944 338 1994 vehemens
363 1943 464 1994 affectas
490 1945 517 1992 in
543 1943 599 1992 eliis
616 1943 751 2006 exemplis,
798 1939 854 1988 dom
870 1955 963 1989 avaras
980 1951 1043 1990 arat.
1066 1945 1205 2008 Egregium
1219 1961 1280 1998 varo
1296 1949 1351 1997 lau.

202 2032 231 2074 ut
256 2026 324 2074 Plin.
351 2026 430 2088 Epist.
456 2026 479 2074 Ι.
507 2030 529 2073 9.
555 2022 661 2072 Rectam
676 2024 752 2072 since·
798 2021 874 2070 dandi
898 2025 990 2088 genosi
1018 2024 1132 2075 Minores
1156 2027 1283 2078 interdum
1298 2031 1350 2080 vir·

203 2123 305 2169 raraque
323 2107 581 2156 nitamubivideatur
591 2105 659 2155 Cort.
669 2103 753 2154 Nullo
797 2108 862 2150 tutes
879 2103 905 2150 in
922 2104 1021 2166 magnis
1036 2105 1097 2156 viris
1104 2107 1210 2168 referre,
1223 2117 1352 2172 pansam.

200 2202 311 2251 parsono
332 2188 415 2236 minus
433 2194 481 2247 est,
498 2203 574 2251 qnam
591 2187 682 2236 nullom
695 2204 752 2250 par·
797 2182 861 2230 tium
877 2183 994 2232 virtatem
1010 2184 1106 2234 iniuria
1121 2197 1172 2248 est,
1188 2197 1217 2240 nt
1233 2192 1352 2254 ipsepost

203 2283 294 2316 sonam.
323 2268 427 2326 Tacitus·
442 2269 589 2331 Agricolam
606 2268 677 2331 quasi
694 2266 752 2316 facit
798 2264 873 2326 paulo
898 2264 945 2322 ait;
969 2266 1030 2328 quid
1053 2274 1136 2316 autam
1153 2270 1175 2318 si
1190 2271 1247 2320 illos
1263 2273 1351 2322 lauda·

203 2349 342 2399 meantem:
359 2350 402 2398 abi
419 2349 580 2399 satisfecerim
595 2349 688 2406 officio,
702 2363 752 2410 quo
797 2345 879 2404 veris,
896 2347 964 2409 quod
988 2348 1020 2396 ab
1043 2348 1134 2399 humili
1151 2358 1176 2400 et
1190 2353 1288 2414 plebeio
1304 2355 1351 2403 ali·

202 2431 265 2480 ntihi
281 2431 385 2480 ulterius
400 2445 532 2493 personam
544 2429 683 2492 potestatisl
694 2429 752 2477 Vir·
798 2439 847 2487 quo
870 2427 932 2474 vitio
953 2429 1043 2477 remoti
1055 2429 1166 2480 inerint?
1185 2431 1236 2482 Sed
1253 2441 1278 2482 et
1293 2449 1351 2498 gra·

203 2513 247 2574 gil.
266 2512 334 2561 Aen.
352 2513 375 2560 1.
396 2517 451 2560 teo.
469 2509 568 2559 Aeneas
585 2508 752 2575 scopnlnma'n·

203 2601 273 2640 terea
290 2591 444 2648 conscendit,
459 2599 483 2638 et
491 2606 579 2638 omnem
589 2589 755 2654 Prospectass-

204 2673 255 2722 lets
277 2671 369 2737 pelope
392 2672 475 2736 petit,
501 2669 601 2718 Anthea
626 2672 649 2719 si
666 2687 752 2734 qnam,

204 2749 753 2816 lactatamventooideot,Plirppiosqnebirc·

203 2835 263 2894 mis,
278 2832 332 2884 Aac
353 2832 451 2898 Capyn,
461 2839 505 2880 ont
514 2831 586 2882 celsis
593 2831 620 2881 in
625 2832 753 2896 puppibus

203 2931 275 2966 orma
296 2914 374 2966 Caici.
409 2912 507 2962 Nonam
524 2913 550 2962 in
563 2923 692 2978 conspecta
701 2913 751 2964 nai·

204 2998 270 3048 lami
309 2995 372 3046 Tres
405 2995 478 3046 litore
507 3009 591 3044 annos
622 2994 753 3060 Prospiait

203 3088 324 3132 errantes.
358 3079 399 3128 Ibi
424 3091 508 3126 nonem
532 3089 614 3141 neque
636 3078 667 3126 ab
685 3083 751 3126 ante·

203 3162 301 3210 cedenti
325 3158 422 3216 videat,
439 3171 549 3221 nequea
566 3152 680 3221 seqnenti
693 3175 752 3222 pro-

204 3241 281 3305 spicit
296 3239 398 3300 tegitur.
432 3239 556 3300 Virgilius
572 3241 685 3289 dolorem
702 3239 752 3288 Aa·

203 3336 266 3372 neae
291 3319 422 3382 exprimit,
447 3320 518 3382 qnasi
535 3335 602 3368 nunc
619 3321 672 3383 ipse
689 3327 753 3370 esset

203 3405 313 3454 Aeneas.
348 3401 485 3450 Nullamne
506 3401 533 3450 in
550 3408 683 3464 conspectu
700 3415 753 3452 asse

203 3487 306 3536 navem!
333 3484 425 3541 Poeta,
453 3483 563 3545 Virgilio
585 3484 682 3541 minor,
705 3483 752 3533 for·

203 3575 269 3616 tasse
294 3565 441 3626 scripsisset:
472 3561 555 3612 Nulla
580 3565 606 3613 in
623 3573 753 3629 conspecta

202 3646 282 3696 navia.
316 3643 444 3692 Beckerus
468 3646 635 3696 accusativum
660 3647 686 3695 in
704 3647 753 3696 Ta·

203 3728 255 3778 cito
279 3725 315 3774 sic
339 3723 462 3781 defendit,
486 3731 515 3772 ut
531 3737 564 3772 sx
581 3741 618 3788 sq.
636 3737 752 3787 exserat,

202 3809 244 3858 hic
269 3806 430 3870 cogitandum
450 3810 519 3867 putet
541 3805 609 3854 nella
627 3806 694 3856 oltra
708 3825 752 3872 po-

204 3888 304 3940 testatis
329 3901 462 3952 personam
494 3884 616 3934 incinerat.
652 3888 752 3938 Interes

202 3986 290 4022 omnes
315 3969 366 4018 fere
388 3975 534 4032 aeceperunt
552 3969 752 4020 emendationem

798 2507 854 2554 vine
879 2513 903 2556 et
928 2508 1038 2558 deterius
1060 2511 1140 2560 multo
1156 2511 1215 2562 lacit
1233 2514 1350 2574 Tacitns;

799 2589 967 2650 arrogantiam
989 2591 1058 2640 enim
1074 2597 1100 2640 et
1116 2595 1247 2644 avaritiam
1263 2597 1351 2647 nullos

799 2677 887 2728 exuat,
913 2671 957 2733 qai
981 2677 1112 2736 utramque
1136 2689 1188 2724 non
1204 2675 1353 2727 hebuerit.”·

799 2751 893 2800 lisdem
910 2751 961 2800 iere
978 2755 1130 2814 argumentis
1146 2757 1245 2816 utebar,
1258 2765 1349 2809 utnon

798 2845 851 2881 esse
878 2833 959 2882 Taciti
983 2840 1104 2896 pataram.
1140 2836 1192 2888 Sed
1212 2839 1285 2888 valde
1301 2841 1350 2890 mi-

797 2929 839 2962 ror
864 2913 988 2974 Febrem,
1014 2915 1100 2965 iudicii
1116 2920 1268 2980 malissimi,
1284 2922 1350 2972 tales

798 2994 904 3057 ineptias
925 2997 1034 3058 potuisse
1050 2999 1159 3058 tribuere
1177 3000 1278 3059 Tacito,
1295 3001 1348 3060 illi,

798 3075 825 3124 in
849 3089 900 3138 quo
920 3083 1017 3126 tantam
1033 3079 1086 3128 vim
1102 3081 1188 3130 iudicii
1203 3081 1279 3134 fuisse
1295 3097 1349 3132 om·

798 3171 843 3206 nes
860 3159 950 3206 eruditi
967 3173 1063 3222 semper
1076 3169 1350 3226 agnoverunt‚qnanta

799 3238 825 3286 in
855 3239 983 3288 hominem
1008 3247 1095 3290 natum
1122 3244 1228 3292 caderet.
1263 3245 1349 3294 Perfe-

799 3325 867 3368 ctum
883 3320 976 3379 fuisse‚
994 3329 1019 3371 et
1035 3323 1099 3372 nihil
1116 3325 1219 3374 omnino
1235 3340 1350 3389 unquam

799 3401 906 3460 dixisse,
937 3404 1005 3466 quod
1031 3403 1134 3454 fortasse
1158 3405 1233 3468 paulo
1257 3407 1349 3457 melius

799 3482 848 3530 dici
864 3497 915 3530 non
931 3485 1065 3546 potuisset,
1086 3486 1191 3536 rninime
1207 3489 1349 3546 contendo;

800 3563 843 3610 sed
858 3562 906 3610 hoc
922 3567 1059 3624 contendo,
1076 3567 1121 3616 nbi
1133 3569 1260 3630 exempla,
1274 3571 1351 3632 quale

798 3643 859 3702 hoc,
895 3645 1066 3706 inveniantur,
1095 3662 1124 3696 aa
1149 3663 1202 3698 esse
1226 3651 1350 3712 figmenta

798 3725 971 3787 grassatorum.
1005 3729 1088 3778 Faber
1104 3731 1225 3780 nimirum
1238 3732 1348 3794 deglor-

798 3806 832 3854 sis
856 3822 907 3856 non
932 3809 1064 3871 cogitabat.
1099 3812 1202 3862 Interea
1225 3813 1269 3862 alii
1289 3814 1348 3863 eliis

797 3889 878 3936 modis
902 3891 1004 3952 vulgata
1025 3892 1174 3942 defendunt:
1200 3900 1240 3953 ut,
1267 3895 1347 3944 tristi·

798 3969 869 4028 tiam,
896 3973 1066 4036 arropontt'om
1088 3980 1112 4024 et
1137 3975 1271 4024 avaritiam
1292 3991 1346 4025 non

203 4049 750 4114 Rhenem:nolloaltrnpotestatisparsona.
796 4061 850 4100 asse
878 4052 940 4100 vitia
967 4055 994 4104 in
1023 4057 1136 4118 praeside
1160 4058 1348 4121 provinciarum

240 4133 382 4185 Tristitiom
407 4140 432 4180 et
456 4131 627 4196 acropantiam
652 4140 676 4180 ct
692 4147 750 4180 ova·
798 4130 932 4195 (dixissent
956 4135 1045 4185 saltem
1069 4153 1116 4184 non
1140 4139 1234 4188 censeri
1253 4139 1347 4206 vitia),

202 4217 287 4266 ritiam
312 4221 423 4263 canant.
459 4213 515 4262 Iam
539 4214 566 4262 in
590 4214 672 4278 priore
693 4228 750 4264 mea
796 4213 840 4262 sed
855 4214 926 4276 quasi
946 4218 1052 4278 proprie.
1087 4218 1145 4268 Hoc
1162 4221 1284 4280 Wexius,
1300 4225 1348 4286 qui

202 4298 311 4348 aditione
335 4297 467 4346 censebam
483 4296 545 4346 haec
561 4298 638 4345 verba
654 4312 669 4344 a
685 4298 749 4360 glos·
795 4293 858 4342 mihi
875 4294 923 4343 ista
939 4297 1047 4347 eiicianti
1063 4301 1209 4360 meandum,
1226 4303 1291 4352 bene
1306 4318 1347 4353 re·

203 4384 284 4426 satore
309 4377 335 4426 in
351 4377 464 4439 margine
481 4391 534 4427 essa
550 4378 643 4441 posita,
660 4385 688 4426 nt
705 4379 749 4426 sci·
796 4375 867 4424 lutet.
902 4376 1040 4440 Disputatis
1065 4381 1096 4430 ab
1121 4395 1151 4430 ao
1176 4384 1223 4432 hoc
1240 4385 1348 4436 addanae

202 4463 258 4507 rent
288 4456 403 4516 lectores,
434 4459 514 4521 qualis
539 4473 569 4508 ea
593 4473 698 4522 porsena
723 4460 748 4508 in
797 4458 893 4510 etiamsi
921 4474 1018 4522 messes
1050 4462 1142 4524 tristis,
1174 4481 1296 4530 orropons
1324 4477 1350 4518 et
