3074 5310
232 526 294 587 ttt
649 537 802 586 consini
826 536 938 584 ricrrr

272 705 370 776 XLV.
404 707 474 772 Non
501 705 577 771 sidit
602 705 749 794 Agricola
772 705 929 770 obsessum
953 703 1075 768 ousiam
1100 715 1132 769 et
1156 703 1302 769 clausum
1327 727 1375 768 nr·

225 813 285 878 mis
321 826 485 889 senatum,
522 824 554 876 et
588 809 700 876 eadem
735 822 837 898 strage
861 821 907 874 tot
930 806 1144 874 consularium
1168 808 1304 888 caedes,
1328 821 1375 875 tot

226 1039 283 1087 Inm
300 1037 377 1088 nostis
392 1039 476 1088 haurit
491 1044 588 1103 purtem
603 1037 702 1086 hostilis
718 1051 771 1086 cor·
820 1042 865 1084 ret.
884 1035 999 1084 Luceant.
1018 1035 1102 1084 Instit.
1120 1035 1154 1084 V.
1164 1039 1187 1084 9.
1206 1032 1373 1086 Nesanctum

224 1119 304 1181 poris,
330 1133 382 1168 non
407 1118 491 1168 bennit
515 1117 617 1176 meten,
635 1131 717 1181 neque
733 1132 772 1165 en·
820 1130 850 1162 ao
863 1114 934 1178 pium
950 1129 1031 1162 nomen
1047 1114 1160 1164 iustitiae
1169 1114 1213 1164 illo
1222 1114 1376 1176 aristolam,

225 1197 355 1247 hauriendi
388 1201 532 1264 exemplum
556 1198 619 1247 mihi
643 1198 773 1260 cognitum
819 1193 886 1258 quod
906 1209 994 1243 eruore
1010 1193 1186 1254 innocentium,
1205 1203 1323 1257 tanquam
1339 1195 1376 1245 ri·

223 1289 270 1331 est.
289 1281 378 1343 Ipsum
393 1281 457 1329 illud
474 1279 588 1329 exhausit
603 1279 642 1327 ite
657 1279 774 1342 cumspi·
820 1282 874 1324 ctus
891 1275 1038 1335 bestiarum,
1055 1275 1143 1325 madet.
1163 1277 1196 1325 In
1213 1275 1285 1324 niatu
1303 1283 1375 1326 note-

224 1359 340 1410 ramentis
356 1360 772 1418 coniunctnmetoiienosduount‚
819 1361 860 1404 tur
884 1354 1002 1404 auiditas.
1029 1355 1109 1406 Tacit.
1135 1356 1234 1406 Hister.
1261 1356 1314 1406 lv.
1331 1361 1374 1406 ³2.

224 1441 257 1490 ed
281 1441 455 1504 metaphoram
471 1443 497 1490 in
514 1441 559 1489 teli
575 1441 720 1489 crudelitate
736 1454 774 1488 ce
819 1434 934 1486 libidine
950 1435 1078 1500 sanquiuis
1094 1445 1118 1484 et
1126 1435 1196 1486 hiatu
1203 1437 1375 1501 praemiorum

226 1521 431 1580 lebretissimem,
448 1521 774 1585 nempeteousissepostre·
819 1515 926 1580 ipnotum
951 1515 1031 1565 adbuc
1056 1517 1176 1581 inpenium
1200 1526 1225 1565 et
1242 1517 1317 1568 nuliis
1334 1518 1375 1567 de·

223 1616 285 1650 mum
308 1599 374 1649 iilud
400 1608 506 1664 tempus,
532 1617 579 1664 quo
596 1598 773 1658 Domitianus,
814 1597 973 1659 sensionibus
991 1605 1130 1662 expertum,
1147 1597 1222 1646 caede
1238 1598 1315 1648 nobili
1332 1599 1374 1648 im·

223 1695 270 1728 nan
285 1679 335 1729 iam
348 1695 397 1744 par
415 1679 547 1730 interualla
564 1698 595 1731 uc
612 1681 773 1746 spiramenta,
820 1675 902 1725 buisti.
919 1676 1018 1726 Arnob.
1036 1678 1059 1727 Ι.
1076 1691 1102 1742 p.
1120 1683 1161 1727 39.
1176 1677 1374 1728 Noniibidinum

222 1758 267 1809 sed
282 1759 394 1809 continuo
411 1768 435 1809 et
450 1760 516 1810 uelut
532 1778 578 1810 uno
595 1761 665 1811 biatu
679 1777 773 1826 rernpu·
819 1756 936 1806 exstinxit
955 1757 1089 1820 flmmtas?
1115 1757 1176 1807 Non
1201 1758 1295 1808 hiatum
1313 1777 1373 1809 com·

222 1839 309 1889 blicam
326 1839 447 1890 eniaunt.
465 1842 626 1892 Domitianus
640 1843 773 1905 rempubli·
817 1837 913 1900 pressit
929 1837 1077 1887 aviditatis?
1095 1837 1136 1889 Cf.
1153 1839 1249 1890 Merkl.
1268 1842 1301 1892 etl
1316 1840 1373 1892 sta

222 1936 278 1971 cem
302 1922 419 1972 exhausit
443 1923 560 1973 caedibus
585 1930 610 1972 et
632 1923 772 1985 sanguine,
818 1917 848 1964 tii
866 1915 929 1966 Sile.
948 1918 1001 1967 ΙΙΙ.
1019 1933 1050 1968 11.
1068 1924 1108 1969 el.
1127 1917 1246 1970 Ceterum
1263 1924 1370 1972 mutuno

221 2004 292 2053 cuius
308 2009 379 2052 tenta
395 2005 438 2053 ille
455 2005 496 2054 siti
509 2005 625 2063 urdebot,
641 2009 669 2051 nt
678 2004 774 2066 expleri
819 1997 888 2046 vocis
905 1998 955 2046 ictu
972 1999 999 2048 in
1016 1998 1086 2049 biatu
1104 2007 1141 2050 est
1154 2001 1290 2052 levissime.
1307 2003 1373 2054 Scri·

223 2099 274 2136 non
299 2098 372 2148 posse
395 2085 530 2134 videretur.
554 2087 623 2149 Ergo
639 2085 702 2135 bibit
721 2099 773 2134 non
819 2079 923 2127 hebetur
948 2093 1040 2142 nempe
1066 2079 1134 2140 iatu,
1151 2082 1259 2143 enimse,
1276 2091 1305 2134 ut
1321 2099 1373 2135 sse·

222 2180 268 2229 per
284 2165 417 2214 intervella
433 2179 461 2213 sc
471 2167 635 2228 spiramento,
645 2181 696 2214 non
705 2165 774 2214 iden·
819 2159 928 2222 pissime,
945 2160 1018 2209 litere
1026 2159 1049 2210 b.
1064 2161 1166 2210 Tacitus
1173 2170 1258 2212 sutem
1265 2165 1292 2213 in
1302 2164 1373 2216 tiam

223 2247 301 2295 tidem
317 2259 416 2295 cessans
433 2252 458 2295 et
465 2246 599 2308 respirans,
608 2247 651 2295 sed
659 2252 688 2295 nt
696 2247 775 2294 instar
820 2239 953 2289 exhaurire
969 2242 1119 2304 expressisse
1131 2242 1230 2292 videtur
1248 2243 1374 2296 Graccum

224 2326 290 2376 ferse
306 2327 413 2386 bestiae,
430 2327 495 2376 rictu
513 2333 612 2390 operto,
629 2327 774 2375 continuato
821 2319 927 2384 χανδὸν
952 2321 1057 2383 nivers,
1074 2327 1102 2372 nt
1119 2323 1146 2370 in
1163 2339 1210 2372 non
1223 2340 1273 2390 per
1290 2327 1373 2391 spire

225 2414 251 2458 et
266 2423 318 2458 uno
333 2408 404 2457 hietn
421 2409 470 2457 oris
487 2409 636 2471 sangninem
653 2423 704 2456 non
713 2409 773 2456 lom·
820 2411 900 2450 menta
917 2401 1059 2462 retourne,
1078 2400 1213 2452 ἀπνευστὶ
1228 2405 1330 2456 atesis.
1339 2407 1372 2456 P.

227 2490 296 2538 beret
317 2494 361 2537 ent
377 2490 501 2548 sorberet,
519 2489 562 2538 sed
579 2502 775 2551 omnemprope·
821 2485 983 2533 Burmannus
1000 2484 1099 2534 adedit.
1110 2484 1372 2548 Lipssnnoteverst:

224 2570 329 2618 modum
344 2582 402 2617 cum
423 2570 511 2619 ultima
527 2575 598 2632 gutta
614 2569 773 2618 exhauriret!
823 2564 893 2612 uictu
908 2578 960 2614 non
967 2565 1101 2628 respondet
1110 2564 1148 2631 τῷ
1157 2566 1279 2618 exhausit.
1288 2568 1372 2621 D'Or·

227 2649 383 2711 turpissime
398 2663 458 2698 sene
475 2656 499 2698 ct
520 2655 572 2698 tem
588 2648 683 2698 fastidii
698 2665 774 2713 quom
821 2645 874 2692 vill.
882 2645 992 2694 melebet
1001 2644 1157 2706 duetu,vers
1164 2649 1317 2709 coniectura,
1325 2666 1372 2714 pro

225 2729 334 2778 horroris
350 2729 426 2792 pleno
442 2730 539 2791 imago,
554 2731 597 2778 scd
614 2743 669 2778 eam
683 2732 776 2780 scelera
819 2740 871 2774 nno
890 2727 962 2790 qussi
977 2727 1057 2776 halitu
1076 2728 1191 2792 spiritus;
1208 2736 1233 2779 et
1251 2731 1289 2779 sic
1305 2739 1372 2782 recte

225 2811 367 2861 Domitiani
382 2810 663 2872 Tscitoexpressemnt.
682 2810 774 2875 Sicop·
819 2806 878 2855 huie
902 2808 1022 2858 locutioni
1043 2809 1218 2873 spiramentum
1239 2818 1373 2876 temporum

225 2892 281 2942 timi
298 2893 428 2955 scriptores
445 2903 518 2954 saepe
534 2892 620 2940 omnis
635 2891 687 2940 irae
701 2895 774 2956 etque
819 2886 1031 2950 respondebunt.''

224 2972 394 3036 indignationi
418 2971 489 3022 frene
513 2973 681 3022 remittebant.
699 2973 773 3021 Ratio
835 2966 896 3016 Nou
911 2967 975 3018 uidit
991 2967 1112 3034 Aprieola
1129 2971 1251 3021 obsessam
1268 2974 1372 3024 curiam.

224 3054 342 3118 oppositis
359 3053 481 3116 exemplis
497 3060 667 3116 cognoscetur.
686 3052 774 3104 Cicero
818 3048 859 3100 De
875 3057 956 3100 morte
972 3058 1124 3114 opportune,
1141 3053 1257 3104 homines
1267 3056 1372 3106 smulm

224 3133 335 3197 Philipp.
354 3134 393 3182 11.
412 3137 452 3182 99.
474 3130 599 3183 Gustaras
613 3134 707 3183 ciuilem
718 3150 773 3182 san·
818 3132 924 3181 miseriis
940 3132 1067 3192 servante,
1079 3133 1372 3200 qnibnssnperstitespo

222 3213 386 3278 quissimus!
398 3213 485 3277 potius
501 3214 670 3263 insorbueras.
687 3215 737 3264 XI.
748 3220 771 3264 6.
818 3219 871 3262 stes
895 3214 981 3262 veneti
998 3213 1080 3273 fuere,
1098 3221 1172 3279 atque
1188 3218 1314 3267 sententie
1329 3233 1372 3267 re·

225 3291 294 3350 Quid
309 3308 361 3342 eum
377 3309 423 3342 non
439 3293 536 3342 sorbere
553 3295 644 3354 animo,
659 3294 773 3358 quidnon
817 3293 854 3344 rie
879 3309 894 3343 a
919 3295 1077 3358 scriptoribus
1102 3303 1202 3356 ornetis,
1220 3298 1276 3346 dixi
1292 3313 1372 3362 nuper

222 3375 325 3425 haurire
355 3373 514 3439 copitatione,
540 3375 609 3424 cuius
633 3375 773 3440 sanquinem
818 3376 850 3422 ed
875 3375 966 3424 Horat.
985 3375 1060 3426 Setis.
1078 3377 1100 3425 1.
1118 3391 1155 3425 rx.
1173 3391 1198 3440 p.
1219 3381 1275 3428 tte.
1293 3379 1371 3430 Addo

222 3456 772 3516 nonbiberecensetistNeroni‚multesueve
818 3456 876 3504 Lis.
903 3456 1011 3506 XXVI.
1041 3463 1078 3506 te.
1102 3453 1235 3507 Cruciatur
1252 3469 1371 3510 cantume-

222 3544 247 3588 et
263 3538 378 3587 atrociter
395 3535 531 3597 factitanti,
541 3539 568 3587 in
577 3537 771 3602 Epigrammnte,
818 3535 915 3600 tiaeque
931 3565 964 3572 -
980 3537 1090 3602 effupere
1104 3547 1180 3587 morte
1191 3556 1301 3604 possiem.
1310 3539 1371 3591 Non

221 3625 249 3666 nt
274 3625 359 3667 tremet
376 3617 512 3667 Suetonius
529 3623 569 3678 59,
595 3620 771 3682 exprobratum
816 3615 899 3666 videto
924 3615 974 3682 Ap.
1007 3616 1135 3668 Chiudium
1158 3629 1182 3669 et
1200 3618 1223 3676 Q
1239 3620 1369 3683 Fuluium,

221 3706 274 3750 est:
293 3696 407 3746 Fastidit
423 3698 517 3756 uinum,
535 3697 595 3760 quia
603 3699 652 3747 iam
661 3698 716 3748 sitit
724 3699 772 3747 iste
816 3697 922 3747 uictoria
947 3698 1060 3748 insolenti
1081 3701 1209 3761 subnixos,
1227 3717 1304 3766 neque
1319 3704 1369 3752 vin·

221 3795 338 3830 eruerent.
365 3775 427 3826 Tam
444 3776 502 3827 bibit
519 3776 580 3827 iuno
597 3779 681 3839 aeide,
700 3795 771 3842 quam
817 3787 871 3827 ctus
881 3795 929 3844 per
947 3781 1028 3829 urbem
1043 3779 1180 3832 Romanam
1189 3782 1308 3848 triumphi
1315 3799 1372 3848 spe·

221 3861 281 3912 bibit
305 3868 362 3910 ante
378 3874 475 3908 merum.
494 3859 562 3908 Plin.
586 3859 711 3922 Penegyr.
729 3866 769 3910 48.
816 3858 936 3908 ctocuium
959 3860 1047 3910 tratur
1069 3890 1102 3898 —
1120 3877 1162 3912 nec
1180 3861 1249 3913 dirui
1264 3864 1368 3913 incendi·

221 3945 252 3994 de
277 3946 331 4007 ipso
346 3942 504 3992 Domitiano:
522 3939 694 3999 Remoramur,
710 3942 770 3990 resi·
817 3957 863 4003 qne
876 3942 989 4006 patriam
1006 3941 1098 3993 uidebo.
1116 3943 1215 3994 Aeson.
1225 3945 1295 3994 Prof.
1305 3947 1368 3995 Bur·

221 4024 320 4082 mimus,
337 4032 365 4073 ut
383 4024 409 4072 in
426 4021 541 4072 communi
558 4021 770 4084 domo‚quamnu·
816 4023 892 4086 diget.
919 4028 942 4073 5.
968 4023 1057 4074 Minus
1083 4023 1201 4074 maiorum
1217 4041 1313 4077 munem
1330 4042 1368 4076 ea·

218 4121 267 4170 per
292 4104 340 4156 illa
365 4103 539 4154 immamssr'ma
564 4101 644 4152 bellua
662 4100 770 4167 plurimo
813 4113 902 4168 pertus
928 4103 993 4165 Dei,
1021 4104 1106 4154 Medio
1124 4106 1191 4170 quod
1205 4108 1262 4157 aeui
1279 4117 1368 4174 raptus

222 4195 317 4250 terrpre
342 4184 480 4242 munte-an
498 4201 569 4250 quum
585 4184 651 4234 uelut
667 4183 771 4247 quodam
817 4200 851 4234 es.
869 4184 932 4234 Stet.
951 4183 1014 4235 silv.
1033 4187 1071 4235 II.
1089 4201 1107 4235 1.
1117 4191 1174 4237 220.
1184 4186 1234 4237 Ast
1242 4189 1290 4248 iiic,
1300 4205 1368 4253 quem

222 4273 295 4331 specu
313 4259 421 4325 inclusa,
437 4282 498 4316 nune
511 4266 699 4332 perterritorum
716 4283 770 4315 san·
816 4266 943 4330 periimus,
970 4266 1048 4327 felia,
1075 4267 1227 4332 hominesque
1250 4269 1368 4334 Deosque

221 4347 316 4410 quinem
337 4347 465 4408 lamberet,
489 4363 550 4396 nunc
567 4363 593 4395 se
610 4346 647 4397 ad
661 4346 770 4397 clarissi·
818 4345 854 4394 Et
880 4345 965 4394 dubios
989 4364 1061 4398 casus
1079 4356 1102 4397 et
1120 4366 1204 4400 caecae
1222 4350 1316 4400 lubrico
1333 4353 1366 4400 ei·

222 4443 312 4476 morum
329 4428 415 4479 ciuium
423 4437 520 4493 strepas
529 4427 664 4492 caedesque
668 4430 771 4493 proser-
819 4436 859 4478 tae
892 4425 995 4494 Effupit
1022 4430 1131 4480 irremum's
1152 4431 1220 4495 sati.
1248 4429 1307 4480 Non
1326 4430 1367 4481 iile
