3134 5310
232 509 274 568 ac
659 525 813 572 coenatu
838 527 949 574 rserrr

229 701 261 754 et
295 687 494 769 discrimine,
539 714 611 758 mor
646 707 677 758 et
712 695 843 782 gloriam
875 694 1150 771 eommunicebet3
1178 716 1269 782 saepe
1292 697 1382 786 perti

230 794 382 860 exercitiis
419 797 452 860 iu
487 799 758 884 experimentum,
796 799 965 886 aliquando
999 799 1171 864 maioribus
1206 801 1303 888 copiis
1335 825 1380 866 ex

229 912 344 965 eventu
379 902 540 987 praefecit.
598 903 665 969 Nec
702 903 848 992 Agricola
883 927 1024 993 unquam
1060 907 1091 968 in
1129 927 1217 969 suam
1254 906 1379 970 famem

150 1015 155 1026 '
228 1006 322 1094 gestis
353 1007 536 1084 exsultarit;
575 1008 613 1071 ed
647 1021 808 1074 auctorem
840 1031 876 1072 ec
909 1010 1021 1076 ducem
1044 1022 1080 1074 ut
1103 1010 1245 1075 minister
1268 1010 1377 1076 fortu-

228 1215 288 1257 tunc
312 1216 426 1272 apertum
447 1207 668 1273 fuissecampum,
686 1212 779 1273 inquo
824 1211 884 1260 fecit
903 1218 931 1259 ut
948 1212 1141 1260 communicaret
1158 1211 1271 1273 gloriam.
1306 1211 1358 1261 De·

228 1296 266 1338 tot
282 1304 311 1338 ac
327 1296 398 1339 tante
412 1289 564 1338 fortitudinis
581 1292 730 1340 documenta
738 1292 778 1339 de·
823 1293 899 1340 lende
913 1299 973 1355 puto
987 1293 1012 1339 in
1029 1292 1225 1356 experimentum.

229 1371 280 1431 dit,
296 1378 325 1420 ut
341 1372 385 1420 alii
401 1372 459 1419 iude
476 1377 602 1420 sumerent
617 1372 777 1434 exemplum?
857 1371 1000 1436 Aliquando
1009 1373 1142 1421 maioribus
1150 1371 1230 1435 copiis
1239 1387 1269 1418 err
1278 1381 1377 1421 euentu.

230 1452 333 1502 Tacitus
349 1465 424 1500 omne
440 1451 503 1499 illud
520 1453 777 1514 spatiumpeucisver·
825 1454 857 1500 In
888 1467 917 1502 eo
947 1469 1045 1517 quoque
1070 1453 1253 1502 communiente
1276 1454 1378 1515 gloria,

229 1533 268 1581 bis
291 1532 382 1595 raptim
406 1532 534 1594 percurrit.
569 1532 658 1594 Neque
674 1532 778 1579 virtutes
824 1546 901 1596 eaque
917 1535 1009 1591 maior,
1027 1535 1095 1582 cerni
1104 1535 1184 1583 debet.
1202 1535 1379 1596 Nen1,quem

230 1615 265 1662 sic
280 1613 360 1662 solam
376 1612 547 1661 fortitudinem
564 1612 717 1673 significant,
735 1613 779 1660 sed
823 1615 932 1677 primum
964 1616 1028 1676 parti
1053 1616 1176 1664 exercitus
1200 1615 1377 1676 praeficiebat,

230 1695 291 1742 alias
307 1707 405 1757 quoque
421 1693 631 1756 complectuntur,
650 1693 675 1741 iu
689 1693 778 1755 quibus
825 1709 882 1742 eum
904 1710 970 1743 nunc
987 1696 1033 1743 toti
1050 1696 1100 1743 fere
1117 1696 1237 1744 exercitui
1253 1697 1377 1758 praeficit.

230 1775 319 1824 saitem
351 1773 470 1836 modestia
503 1774 626 1822 laudatur.
662 1771 779 1836 Suspicor
826 1775 878 1824 Sed
901 1776 1043 1839 quomodo?
1071 1775 1099 1824 si
1124 1777 1192 1838 prius
1218 1776 1378 1837 experimen·

229 1853 392 1918 eamrplorum
419 1867 471 1902 esse
497 1856 629 1917 glossema.
665 1855 779 1902 Bolanus
824 1863 879 1903 tum
892 1857 955 1904 benc
963 1857 1083 1904 cessisset.
1118 1856 1176 1904 Hoc
1185 1857 1287 1904 Tacitus
1296 1856 1377 1918 Agri·

230 1935 351 1998 placidius
381 1935 528 1984 Britanniae
553 1942 672 1998 proceret.
707 1935 779 1982 Nihil
806 1937 894 1988 ,colae
919 1943 970 1984 tem
991 1937 1156 1984 honorificum
1172 1936 1250 1984 fuisse
1266 1938 1378 1987 scribere

231 2017 328 2080 agebat.
363 2017 445 2079 Igitur
479 2016 600 2080 Agricola
629 2018 682 2065 va
709 2031 779 2064 suem
825 2017 922 2080 potuit?
966 2017 995 2066 Si
1026 2019 1102 2080 igitur
1128 2018 1249 2080 Agricola
1273 2017 1378 2067 fortuna

231 2104 368 2161 temperare
394 2104 418 2146 et
439 2099 552 2146 ardorem
568 2111 723 2160 compescere
740 2099 779 2145 de·
826 2099 908 2146 minus
932 2113 1049 2162 prospere
1071 2113 1131 2147 usus
1152 2099 1251 2157 fuisset,
1269 2097 1379 2147 Cerialis

232 2179 298 2236 buit,
316 2191 348 2226 ne
365 2178 519 2226 incresceret.
555 2178 669 2226 Virtutes
678 2194 729 2226 non
737 2178 779 2226 ha·
826 2180 922 2228 nullam
943 2181 1048 2243 emplius
1066 2179 1171 2242 gloriam
1188 2193 1245 2228 cum
1261 2193 1291 2228 eo
1307 2193 1377 2230 com-

233 2259 340 2306 buerunt
365 2259 472 2319 epatium
493 2272 520 2306 se
536 2258 691 2319 explicandi,
707 2271 780 2319 cxpe-
825 2261 983 2309 municasset.
1026 2262 1146 2324 Iniquum
1171 2260 1302 2318 iudicium,
1329 2259 1378 2310 Ce-

230 2339 404 2388 rimentorum.
423 2339 498 2387 Nunc
516 2337 619 2388 Cerialis
637 2339 710 2386 debet
723 2353 780 2400 spa·
826 2341 887 2388 risis
912 2347 936 2390 et
961 2340 1081 2403 Agricola
1105 2343 1245 2404 indignum.
1283 2339 1379 2389 Carent

233 2419 293 2470 tium
316 2419 461 2480 uirtutibus,
487 2421 530 2479 iis,
555 2432 619 2482 quae
641 2420 707 2466 bono
724 2419 781 2466 duci
826 2423 990 2481 successibus,
1008 2432 1080 2487 opto,
1100 2420 1219 2485 Quisquis
1236 2421 1267 2468 ab
1289 2429 1378 2469 euentu

232 2501 308 2550 decus
333 2507 357 2550 et
374 2507 548 2550 oruamentum
574 2499 695 2557 afferunt,
711 2513 779 2562 pree·
821 2505 902 2566 sacta
918 2502 1026 2551 notanda
1039 2511 1124 2568 putat,
1141 2503 1289 2564 utestapud
1297 2500 1375 2551 Ovio.

232 2581 304 2644 cipue
328 2582 476 2631 fortitudini.
512 2579 628 2645 Spatium
652 2594 725 2644 saepe
750 2581 779 2630 si·
827 2583 932 2634 Heroid.
959 2584 996 2632 11.
1024 2589 1064 2633 85.
1088 2581 1210 2642 Eventus,
1228 2583 1263 2630 ait
1279 2583 1377 2632 Fabius

232 2664 334 2728 gnificat
358 2669 455 2724 tempus
480 2668 505 2711 ct
518 2663 673 2711 occasionem
687 2662 780 2725 aliquid
827 2666 891 2727 apud
911 2665 968 2713 Liv.
988 2664 1083 2714 XXII.
1101 2669 1150 2723 39,
1176 2663 1304 2712 stultorum
1325 2679 1378 2712 mc·

233 2743 353 2803 faciendi,
378 2743 445 2807 quod
469 2759 520 2792 non
542 2757 657 2806 expresse
674 2742 779 2802 dicitur,
825 2745 904 2809 pister
929 2753 973 2793 cst.
1008 2746 1081 2794 Idem
1107 2745 1165 2793 Lir.
1190 2744 1313 2794 XXVII.
1333 2751 1376 2793 44.

233 2828 276 2876 seri
293 2840 326 2874 ex
342 2821 779 2885 remmrentsntiscogitamr.0rid.
826 2823 988 2889 Apparebat,
1019 2842 1066 2888 quo
1099 2825 1162 2874 ertit
1186 2825 1295 2887 iniquius
1320 2833 1376 2884 est,

233 2908 339 2957 Heroid.
365 2907 431 2955 VII.
458 2909 496 2955 73.
514 2903 561 2953 Da
578 2905 647 2952 breue
661 2905 781 2953 saeuitiae
821 2907 921 2970 famam
938 2921 968 2953 erc
985 2914 1069 2954 eventu
1086 2906 1237 2954 habiturum.
1257 2905 1326 2953 Illud
1344 2921 1376 2953 cer

232 2989 341 3054 spatium
362 2987 497 3054 pelopique
523 2995 639 3049 tuaeque,
657 2987 673 3034 i.
692 3001 713 3034 e.
730 3001 780 3049 quo
827 2995 910 3036 euentu
927 3001 1004 3051 aeque
1017 2987 1149 3050 indignum
1159 2985 1376 3047 Cer-ialectAgri·

233 3070 336 3119 saevitia
352 3074 395 3118 tua
412 3074 436 3117 et
452 3053 676 3131 pelagidesaeviat.
686 3067 779 3130 Virgil.
826 3070 893 3128 cola,
920 3075 993 3132 atque
1006 3069 1117 3130 superius
1134 3068 1159 3115 in
1176 3067 1374 3130 experimentum.

234 3151 302 3200 Aen.
328 3151 379 3199 IV.
406 3155 462 3198 433.
493 3147 599 3212 inopus
622 3149 694 3197 inune
708 3157 779 3212 peto,
860 3148 904 3198 Aa
924 3158 1047 3198 auctorem
1064 3164 1094 3196 ac
1111 3147 1201 3195 decern.
1236 3146 1332 3194 Auctor
1350 3153 1377 3196 et

233 3229 341 3292 requiem
358 3229 513 3292 spatiumque
525 3229 616 3293 furori
623 3251 632 3284 ;
652 3227 719 3276 Dum
728 3244 780 3276 mea
827 3233 893 3290 dux,
919 3233 954 3279 ita
978 3230 1117 3287 coniuncti,
1142 3241 1200 3277 cum
1215 3227 1375 3288 significant,

233 3326 269 3360 me
285 3310 374 3359 uictam
390 3308 477 3358 doceat
488 3311 599 3373 fortune
616 3308 705 3357 dolere.
729 3309 781 3369 Qui
826 3312 869 3374 qui
890 3325 945 3360 rem
958 3312 1029 3360 alteri
1045 3311 1144 3367 suadet,
1162 3308 1233 3371 eique
1249 3309 1281 3356 sd
1298 3322 1378 3370 egen·

233 3407 319 3442 versus
335 3407 380 3455 pro
396 3391 599 3454 interpretatione
609 3391 719 3449 additus,
729 3406 779 3439 non
827 3392 885 3440 darn
901 3393 987 3453 praeit.
1023 3393 1054 3439 In
1068 3391 1158 3438 tatibus
1167 3388 1300 3451 exemplis,
1309 3403 1376 3451 quae

233 3473 371 3525 necessario
403 3473 581 3535 postulabatur.
616 3471 645 3520 Si
680 3473 781 3520 Tacitus
826 3472 906 3519 multe
922 3478 980 3519 sunt
996 3487 1020 3519 v.
1038 3485 1060 3519 c.
1076 3472 1141 3534 apud
1155 3468 1376 3527 Ciceronem,dux

232 3557 274 3604 hic
298 3555 392 3617 aliquid
416 3555 558 3610 audendum
573 3559 695 3616 putasset,
713 3554 780 3602 addi·
826 3553 971 3616 plerumque
996 3568 1047 3600 non
1068 3558 1105 3601 est
1122 3550 1173 3599 dur
1189 3549 1327 3604 exercitum
1347 3551 1376 3600 iu

233 3637 309 3684 disset
326 3634 429 3683 fortasse
443 3635 484 3682 vel
501 3635 730 3698 experimentorum,
740 3636 780 3683 vol
827 3635 894 3692 eiiis,
913 3641 1000 3682 auctor
1017 3642 1040 3681 ct
1050 3631 1176 3690 dusbelii,
1186 3632 1377 3680 diciturcaussa

233 3730 260 3764 se
276 3713 431 3778 explicandi,
448 3715 489 3762 vel
506 3713 591 3763 tabuit
607 3716 715 3778 spatium
731 3717 780 3766 m'r·
827 3714 891 3772 beili,
900 3729 988 3762 suascr
997 3714 1111 3775 idemque
1120 3709 1170 3759 dux
1178 3711 1308 3758 exercitus.
1322 3711 1377 3760 Hic

234 3804 311 3844 tutum
327 3793 589 3859 suplicanderum‚vel
598 3795 686 3844 simile.
697 3796 781 3855 Quam
828 3794 944 3853 Cerialis,
962 3795 1005 3858 qui
1022 3799 1074 3842 erat
1083 3795 1135 3842 dux
1144 3791 1377 3853 exercitus,appel·

233 3877 334 3940 elegans
359 3876 390 3923 sit
414 3875 540 3939 explicare
557 3875 673 3933 virtutes,
691 3876 781 3924 docent
825 3876 891 3924 laun
911 3882 995 3923 auctor
1021 3881 1046 3924 et
1069 3875 1123 3923 dux
1142 3875 1279 3936 fortunae,
1296 3885 1377 3934 quum

233 3958 349 4022 exempla
372 3971 397 4006 v.
418 3972 440 4004 c.
466 3971 529 4020 quae
554 3957 637 4006 attulit
663 3955 730 4006 Cort.
749 3959 780 4006 ad
826 3956 946 4018 Agricola
970 3957 997 4004 in
1023 3955 1088 4004 bello
1112 3954 1201 4003 habuit
1224 3967 1377 4016 prosperam.

233 4037 347 4088 Ciceron.
365 4039 445 4101 Epist.
464 4040 496 4088 ed
512 4038 604 4086 Famil.
622 4038 672 4087 IX.
691 4043 731 4086 25.
827 4039 929 4086 Tacitus
953 4038 1040 4095 credo,
1066 4043 1094 4084 ut
1119 4036 1160 4084 vel
1177 4034 1323 4096 ambiguum
1338 4033 1378 4081 vi-

229 4181 231 4184 ·
267 4118 349 4184 Saepe
363 4119 437 4185 porti
453 4119 576 4168 exercitus
593 4119 618 4167 in
632 4119 779 4184 experimen·
826 4125 902 4176 teret,
927 4117 1008 4180 potius
1034 4117 1181 4179 scripsisset:
1200 4113 1235 4164 ad
1250 4121 1377 4162 auctorem

234 4211 290 4251 turn.
326 4200 425 4260 Gloria,
440 4215 516 4264 quam
526 4200 630 4251 Cerialis
638 4215 695 4248 cum
705 4200 780 4264 Agri·
827 4198 922 4257 ducem,
945 4199 986 4247 vel
1002 4197 1037 4246 ad
1053 4197 1136 4246 ducem
1153 4205 1181 4245 ut
1197 4203 1320 4244 auctorem
1337 4209 1377 4241 re·

233 4284 288 4331 cola
304 4283 516 4342 communicabat,
534 4283 560 4331 in
579 4297 608 4331 eo
625 4283 779 4341 cernebatur,
821 4281 934 4345 serebat.

233 4365 301 4426 quod
325 4377 396 4426 saepe
420 4366 484 4428 parti
508 4365 632 4414 exercitus
653 4364 779 4427 praefecit.
867 4360 902 4410 Ut
927 4360 1044 4410 minister.
1080 4359 1184 4408 Humile
1208 4357 1277 4414 viro,
1293 4355 1378 4420 qualis

236 4441 265 4494 Si
281 4442 409 4505 praefecit,
426 4452 454 4493 ut
471 4455 528 4495 cum
545 4445 714 4509 experiretur,
728 4460 779 4494 uon
827 4441 953 4505 Agricola.
989 4439 1105 4490 Minister
1122 4437 1263 4488 Domitiani
1278 4443 1378 4500 poterat
