3134 5310
492 1297 1024 1416 ruricoli

230 1897 257 1963 1.
294 1893 459 1964 Clarorum
483 1895 622 1964 virorum
644 1893 728 1960 laeta
751 1913 918 1980 moresque
941 1893 1074 1984 posteris
1098 1893 1239 1970 tradere,
1268 1915 1323 1958 an-

183 2002 317 2090 tiquitus
349 2001 520 2079 usitatum,
549 2022 590 2066 ue
613 1999 726 2064 nostris
748 1994 876 2083 quidem
898 1997 1093 2084 temporibus
1128 2019 1323 2084 quamquam

220 2179 321 2232 Troius
354 2180 382 2229 in
414 2179 463 2228 hoo
492 2179 578 2228 libello
602 2177 733 2226 ostendere
778 2188 819 2222 res
835 2181 861 2222 et
876 2188 948 2225 suam
964 2181 1071 2226 satorem
1079 2177 1187 2226 ostendit
1195 2182 1220 2226 et
1228 2189 1326 2226 caussas

185 2259 277 2318 voluit,
301 2260 361 2324 quid
378 2265 434 2322 post
450 2260 578 2308 silentium
590 2257 733 2322 quindecim
778 2255 895 2317 explicet.
934 2255 1068 2308 Pnaeteree
1084 2264 1185 2321 epparet
1200 2257 1325 2308 senarius:

183 2355 308 2393 annorum
337 2341 413 2390 etiem
442 2354 510 2389 nune
535 2340 665 2388 scribendo
690 2353 731 2388 aa
777 2334 917 2398 antiquitus
933 2336 1052 2388 usitatum
1067 2353 1097 2387 oe
1113 2338 1204 2388 nostrie
1220 2337 1324 2400 quidem.
1378 2402 1380 2408 Ι

183 2421 253 2474 leret.
288 2421 357 2484 Ergo
377 2435 466 2471 vocem
482 2420 637 2470 inconditem
652 2425 678 2468 et
693 2434 732 2468 m·
780 2414 856 2476 Quod
875 2417 993 2471 Tatium
1009 2433 1060 2470 non
1077 2420 1201 2478 lenisset,
1218 2433 1276 2468 enm
1289 2433 1325 2466 so-

183 2503 254 2560 dem,
267 2509 389 2565 quantum
396 2501 597 2564 posset,vitavit.
615 2499 733 2550 Studium
778 2510 826 2544 nus
843 2496 896 2559 ipse
912 2503 965 2549 tem
981 2499 1062 2548 clerus
1079 2498 1123 2558 sit,
1140 2506 1169 2548 ut
1185 2498 1268 2550 stetim
1285 2513 1325 2548 eu-

183 2583 324 2644 gravitatis,
359 2582 467 2640 ordinis,
488 2583 640 2644 elegantiae,
664 2595 732 2645 prae·
778 2576 832 2626 dire
857 2578 978 2630 debuerit.
1006 2579 1083 2628 Tales
1105 2580 1211 2630 Iambici
1228 2579 1327 2630 Sensrii

184 2663 270 2714 sertim
293 2663 320 2710 in
338 2662 442 2712 exordio
459 2662 555 2712 elucere
571 2662 664 2712 debuit.
698 2661 733 2710 Et
777 2658 981 2719 pronuntiatione
1006 2660 1060 2723 ipsa
1084 2662 1231 2724 produntur.
1261 2661 1326 2712 Scri·

183 2743 249 2805 apud
265 2743 406 2792 Historioos
423 2743 520 2792 elucere
536 2743 607 2791 solet.
643 2742 733 2791 Testor
778 2739 974 2809 psissetseltem:
984 2739 1259 2802 aerumnosissimum,
1270 2742 1327 2792 olim

184 2821 345 2882 Sallustium,
370 2823 486 2882 Livium,
508 2822 591 2884 ipsum
617 2822 733 2872 Tacitum
778 2819 909 2878 usitatam,
927 2821 968 2868 vel
976 2820 1047 2884 opud
1058 2822 1159 2884 priores
1167 2823 1293 2882 usitatum,
1302 2831 1327 2874 et

183 2905 211 2952 in
227 2904 348 2968 principio
362 2903 503 2954 Annalium
516 2908 541 2950 et
549 2902 731 2961 Historiarum,
777 2913 839 2946 mox
847 2897 893 2946 sed
898 2899 1037 2961 antiquitus
1047 2917 1091 2963 pro
1100 2901 1218 2966 sedopod
1218 2905 1327 2966 priores,

184 2990 209 3036 et
231 2998 264 3034 ex
289 2983 466 3034 recentioribus
482 2983 547 3030 eddo
566 2983 682 3034 Tacitum
698 2983 731 3032 al-
778 2979 1329 3044 Huiusmodiversusseepiseimeindiciasunt

183 3072 276 3124 terum,
303 3071 440 3116 nostratem
456 3063 595 3125 Hugonem
608 3062 731 3112 Grotium.
778 3059 965 3110 locialibreriis
974 3064 1090 3124 corrupti.
1108 3063 1148 3112 De
1156 3078 1240 3126 quare
1249 3065 1327 3116 semel

185 3145 244 3204 Qua
272 3151 372 3207 propter
400 3149 467 3194 reete
497 3158 538 3194 me
561 3143 648 3192 fecisse
669 3145 732 3193 erbi-
778 3139 912 3190 dicendum
936 3141 1055 3200 arbitror,
1081 3143 1140 3205 quie
1164 3143 1205 3192 hic
1229 3159 1328 3209 quoque

183 3234 250 3284 tror,
276 3225 298 3276 si
327 3225 375 3274 boc
395 3225 526 3276 exordium
548 3223 681 3286 diligenter
701 3225 733 3272 ad
777 3220 877 3278 libellus
907 3221 990 3280 vitiis,
1016 3222 1075 3274 inde
1091 3223 1164 3282 ortis,
1183 3225 1327 3289 inquinatus

183 3307 251 3357 istud
281 3306 392 3356 studium
430 3305 564 3368 exegerim.
608 3304 734 3354 Universe
779 3307 824 3350 est.
858 3301 983 3356 Novimus
1000 3305 1079 3356 bonos
1097 3306 1327 3371 scriptores,quen·

184 3393 254 3434 tante
282 3386 430 3436 obscuritate
459 3386 522 3436 milri
552 3387 665 3434 leborure
698 3387 732 3434 vi·
779 3387 833 3430 tum
858 3389 972 3445 possent,
999 3387 1106 3443 cavisse,
1132 3401 1165 3437 ne
1188 3402 1274 3436 versus
1300 3388 1326 3436 in

184 3468 268 3525 detur,
288 3474 317 3516 ut
338 3468 373 3516 sic
394 3483 410 3515 a.
431 3467 520 3518 Tacito
543 3466 620 3516 inisse
636 3481 733 3528 compo·
779 3476 894 3514 sermone
918 3471 1048 3526 ponerent.
1083 3465 1215 3514 Interdum
1235 3468 1327 3530 impru-

184 3547 259 3602 situm
274 3548 374 3598 credere
390 3563 442 3596 non
458 3547 558 3610 possim.
584 3547 624 3596 De
649 3549 733 3596 obscu-
779 3548 895 3598 dentibus
912 3548 1070 3602 exciderunt,
1088 3558 1134 3594 neo
1150 3543 1328 3608 magistri,ubi

184 3627 256 3676 ritate
271 3628 373 3690 quidem
388 3627 436 3676 hoc
453 3628 512 3676 satis
525 3629 572 3676 erit
585 3629 666 3685 dioto,
675 3630 733 3676 duo
778 3627 1000 3689 deprehenderint,
1018 3631 1106 3672 notura
1114 3626 1265 3687 omiserunt,
1275 3631 1326 3687 sed,

184 3706 265 3754 decim
281 3721 309 3756 ae
325 3707 428 3756 lorteese
444 3708 527 3770 plures
540 3709 646 3771 optimos
660 3708 733 3758 inter·
779 3714 808 3756 ut
833 3707 899 3762 iutra
922 3707 1052 3758 historicos
1076 3721 1205 3768 maneam,
1227 3711 1254 3760 in
1273 3709 1326 3758 Sal·

183 3792 265 3850 pretes
287 3788 397 3843 diverses
415 3788 447 3837 de
462 3789 586 3852 plerisque
602 3789 663 3838 locis
680 3803 733 3840 sen·
779 3788 867 3846 lustio,
891 3789 979 3846 Livio,
1006 3788 1095 3836 Tacito
1119 3793 1190 3838 tanta
1209 3803 1327 3840 uersuum

183 3867 274 3928 ,entiae
282 3868 376 3916 tulisse.
390 3868 526 3930 Propterea
534 3869 682 3920 verosimile
690 3884 733 3932 pu·
779 3869 851 3932 copie
866 3870 1006 3926 invenitur,
1023 3875 1052 3916 ut
1068 3868 1141 3930 culpa
1156 3871 1238 3932 potius
1255 3871 1327 3920 libre-

182 3955 236 3998 tem
260 3963 348 4001 menne
373 3948 467 4003 eliense
488 3949 514 3998 in
531 3949 638 4011 primam
654 3949 734 4001 libelli
779 3950 824 3998 riis
847 3965 923 4013 quam
953 3948 1112 4012 scriptoribus
1127 3950 1259 3999 tribuenda
1276 3965 1328 4002 esse

183 4033 279 4089 partem
294 4027 426 4076 crudeliter
442 4029 566 4078 saeviisse.
779 4029 901 4082 videatur.
928 4031 965 4078 Hi
987 4029 1080 4088 centies
1096 4029 1200 4078 verbum
1217 4037 1327 4094 transpo-

217 4105 363 4170 Antiqaitus
378 4108 504 4164 usitatum.
523 4109 609 4158 Verba
621 4125 672 4159 non
682 4125 735 4161 esse
780 4111 885 4168 nebant,
920 4111 997 4159 semel
1030 4109 1219 4172 transpositum,
1245 4124 1327 4160 errore

182 4194 243 4251 puto
261 4188 349 4236 Taciti.
375 4185 501 4238 Ueritatem
515 4189 651 4252 hisperum
659 4192 734 4253 signi·
780 4191 838 4242 licet
871 4191 984 4253 cognito,
1015 4205 1065 4238 non
1096 4189 1264 4251 corrigebant,
1295 4207 1328 4241 ne

182 4270 253 4326 dcet,
281 4270 341 4332 quia
366 4270 501 4332 entiquitus
526 4285 578 4320 non
595 4273 670 4326 modo
686 4271 734 4320 nsi·
780 4270 901 4332 scripture
916 4271 1089 4320 macularetur.
1108 4267 1327 4322 Aiiiversusorie·

182 4357 275 4409 mmm,
289 4350 735 4413 sedlreqncntisstmeusitetummox
780 4351 871 4400 bantur
896 4365 929 4398 ex
953 4351 1054 4412 glossis,
1079 4348 1121 4398 vel
1145 4363 1220 4414 supra
1240 4368 1326 4413 voces,

183 4431 235 4492 ipse
261 4431 377 4490 affirmat,
395 4437 420 4478 ot
437 4431 569 4482 discrimen
587 4432 652 4480 inter
665 4433 733 4496 prio·
779 4431 821 4480 uel
845 4430 872 4478 in
895 4430 1010 4492 margine
1034 4430 1128 4492 positis.
1156 4431 1283 4484 Librerios
1299 4437 1325 4484 io

1181 4519 1190 4559 l
