<?xml version="1.0" encoding="UTF-8"?>
<!DOCTYPE html PUBLIC "-//W3C//DTD XHTML 1.0 Transitional//EN"
    "http://www.w3.org/TR/xhtml1/DTD/xhtml1-transitional.dtd">
<html xmlns="http://www.w3.org/1999/xhtml" xml:lang="en" lang="en">
 <head>
  <title>
</title>
<meta http-equiv="Content-Type" content="text/html;charset=utf-8" />
  <meta name='ocr-system' content='tesseract 3.04.00' />
  <meta name='ocr-capabilities' content='ocr_page ocr_carea ocr_par ocr_line ocrx_word'/>
</head>
<body>
  <div class='ocr_page' id='page_1' title='image "./ccorneliitaciti09tacigoog/ccorneliitaciti09tacigoog_0063.png"; bbox 0 0 3134 5310; ppageno 0'>
   <div class='ocr_carea' id='block_1_1' title="bbox 241 514 957 577">
    <p class='ocr_par' dir='ltr' id='par_1_1' title="bbox 241 514 957 577">
     <span class='ocr_line' id='line_1_1' title="bbox 241 514 957 577; baseline -0.004 -2"><span class='ocrx_word' id='word_1_1' title='bbox 241 514 284 576; x_wconf 84' lang='lat' dir='ltr'>tn</span> <span class='ocrx_word' id='word_1_2' title='bbox 664 525 821 576; x_wconf 74' lang='lat' dir='ltr'>contenit</span> <span class='ocrx_word' id='word_1_3' title='bbox 845 527 957 577; x_wconf 82' lang='lat' dir='ltr'>rtorr1</span> 
     </span>
    </p>
   </div>
   <div class='ocr_carea' id='block_1_2' title="bbox 243 693 1399 1098">
    <p class='ocr_par' dir='ltr' id='par_1_2' title="bbox 243 693 1399 890">
     <span class='ocr_line' id='line_1_2' title="bbox 243 693 1399 786; baseline -0.003 -24"><span class='ocrx_word' id='word_1_4' title='bbox 243 695 313 772; x_wconf 85' lang='lat' dir='ltr'>dit,</span> <span class='ocrx_word' id='word_1_5' title='bbox 340 717 377 762; x_wconf 85' lang='lat' dir='ltr'>ee</span> <span class='ocrx_word' id='word_1_6' title='bbox 399 705 469 786; x_wconf 85' lang='lat' dir='ltr'>post</span> <span class='ocrx_word' id='word_1_7' title='bbox 493 693 693 762; x_wconf 84' lang='lat' dir='ltr'>consulatum</span> <span class='ocrx_word' id='word_1_8' title='bbox 717 693 904 772; x_wconf 81' lang='lat' dir='ltr'>collocesit;</span> <span class='ocrx_word' id='word_1_9' title='bbox 926 705 958 760; x_wconf 86' lang='lat' dir='ltr'>et</span> <span class='ocrx_word' id='word_1_10' title='bbox 979 693 1083 760; x_wconf 84' lang='lat' dir='ltr'>statim</span> <span class='ocrx_word' id='word_1_11' title='bbox 1098 693 1279 762; x_wconf 75' lang='lat' dir='ltr'>Britanniae</span> <span class='ocrx_word' id='word_1_12' title='bbox 1292 705 1399 782; x_wconf 80' lang='lat' dir='ltr'>prae·</span> 
     </span>
     <span class='ocr_line' id='line_1_3' title="bbox 244 796 1031 890; baseline -0.005 -24"><span class='ocrx_word' id='word_1_13' title='bbox 244 802 364 890; x_wconf 76' lang='lat' dir='ltr'>positus</span> <span class='ocrx_word' id='word_1_14' title='bbox 388 811 455 877; x_wconf 85' lang='lat' dir='ltr'>est,</span> <span class='ocrx_word' id='word_1_15' title='bbox 480 799 602 866; x_wconf 82' lang='lat' dir='ltr'>adiecto</span> <span class='ocrx_word' id='word_1_16' title='bbox 621 799 824 887; x_wconf 74' lang='lat' dir='ltr'>pontificatus</span> <span class='ocrx_word' id='word_1_17' title='bbox 845 796 1031 878; x_wconf 76' lang='lat' dir='ltr'>sacerdotio.</span> 
     </span>
    </p>

    <p class='ocr_par' dir='ltr' id='par_1_3' title="bbox 248 902 1398 1098">
     <span class='ocr_line' id='line_1_4' title="bbox 291 902 1398 992; baseline -0.003 -22"><span class='ocrx_word' id='word_1_18' title='bbox 291 905 331 972; x_wconf 88' lang='lat' dir='ltr'>X.</span> <span class='ocrx_word' id='word_1_19' title='bbox 368 904 547 968; x_wconf 74' lang='lat' dir='ltr'>Britanniae</span> <span class='ocrx_word' id='word_1_20' title='bbox 571 903 666 969; x_wconf 83' lang='lat' dir='ltr'>situm</span> <span class='ocrx_word' id='word_1_21' title='bbox 686 903 882 992; x_wconf 89' lang='lat' dir='ltr'>populosque</span> <span class='ocrx_word' id='word_1_22' title='bbox 904 902 1012 966; x_wconf 88' lang='lat' dir='ltr'>multis</span> <span class='ocrx_word' id='word_1_23' title='bbox 1036 903 1240 991; x_wconf 83' lang='lat' dir='ltr'>scriptoribus</span> <span class='ocrx_word' id='word_1_24' title='bbox 1263 925 1398 970; x_wconf 85' lang='lat' dir='ltr'>memo·</span> 
     </span>
     <span class='ocr_line' id='line_1_5' title="bbox 248 1006 1395 1098; baseline 0 -24"><span class='ocrx_word' id='word_1_25' title='bbox 248 1022 330 1076; x_wconf 86' lang='lat' dir='ltr'>ratos</span> <span class='ocrx_word' id='word_1_26' title='bbox 364 1031 428 1076; x_wconf 90' lang='lat' dir='ltr'>non</span> <span class='ocrx_word' id='word_1_27' title='bbox 463 1010 496 1074; x_wconf 94' lang='lat' dir='ltr'>in</span> <span class='ocrx_word' id='word_1_28' title='bbox 529 1009 796 1098; x_wconf 78' lang='lat' dir='ltr'>competitionem</span> <span class='ocrx_word' id='word_1_29' title='bbox 831 1029 925 1077; x_wconf 81' lang='lat' dir='ltr'>ceree</span> <span class='ocrx_word' id='word_1_30' title='bbox 958 1008 1115 1096; x_wconf 77' lang='lat' dir='ltr'>ingeniive</span> <span class='ocrx_word' id='word_1_31' title='bbox 1149 1008 1304 1086; x_wconf 77' lang='lat' dir='ltr'>seierum,</span> <span class='ocrx_word' id='word_1_32' title='bbox 1331 1006 1395 1074; x_wconf 83' lang='lat' dir='ltr'>sed</span> 
     </span>
    </p>
   </div>
   <div class='ocr_carea' id='block_1_3' title="bbox 171 1193 1396 1420">
    <p class='ocr_par' dir='ltr' id='par_1_4' title="bbox 171 1193 1396 1420">
     <span class='ocr_line' id='line_1_6' title="bbox 244 1193 1395 1260; baseline 0 -13"><span class='ocrx_word' id='word_1_33' title='bbox 244 1196 278 1248; x_wconf 75' lang='lat' dir='ltr'>ed</span> <span class='ocrx_word' id='word_1_34' title='bbox 303 1194 449 1245; x_wconf 76' lang='lat' dir='ltr'>illustranda</span> <span class='ocrx_word' id='word_1_35' title='bbox 471 1207 513 1253; x_wconf 83' lang='lat' dir='ltr'>ea,</span> <span class='ocrx_word' id='word_1_36' title='bbox 530 1207 593 1258; x_wconf 82' lang='lat' dir='ltr'>quoe</span> <span class='ocrx_word' id='word_1_37' title='bbox 610 1193 645 1244; x_wconf 87' lang='lat' dir='ltr'>ibi</span> <span class='ocrx_word' id='word_1_38' title='bbox 662 1199 793 1244; x_wconf 82' lang='lat' dir='ltr'>narrantur</span> <span class='ocrx_word' id='word_1_39' title='bbox 840 1193 939 1258; x_wconf 81' lang='lat' dir='ltr'>gentle,</span> <span class='ocrx_word' id='word_1_40' title='bbox 956 1193 1090 1255; x_wconf 83' lang='lat' dir='ltr'>industrie,</span> <span class='ocrx_word' id='word_1_41' title='bbox 1106 1194 1204 1254; x_wconf 82' lang='lat' dir='ltr'>lebore,</span> <span class='ocrx_word' id='word_1_42' title='bbox 1221 1195 1295 1260; x_wconf 87' lang='lat' dir='ltr'>idque</span> <span class='ocrx_word' id='word_1_43' title='bbox 1311 1210 1395 1251; x_wconf 83' lang='lat' dir='ltr'>omne</span> 
     </span>
     <span class='ocr_line' id='line_1_7' title="bbox 171 1273 1395 1350; baseline 0.002 -26"><span class='ocrx_word' id='word_1_44' title='bbox 171 1342 175 1350; x_wconf 33' lang='grc' dir='ltr'>Ι</span> <span class='ocrx_word' id='word_1_45' title='bbox 246 1275 321 1340; x_wconf 80' lang='lat' dir='ltr'>pleno</span> <span class='ocrx_word' id='word_1_46' title='bbox 336 1274 458 1338; x_wconf 78' lang='lat' dir='ltr'>vulgaris.</span> <span class='ocrx_word' id='word_1_47' title='bbox 494 1273 578 1336; x_wconf 74' lang='lat' dir='ltr'>Quem</span> <span class='ocrx_word' id='word_1_48' title='bbox 594 1288 666 1338; x_wconf 77' lang='lat' dir='ltr'>steps</span> <span class='ocrx_word' id='word_1_49' title='bbox 684 1275 794 1336; x_wconf 77' lang='lat' dir='ltr'>Tacitus,</span> <span class='ocrx_word' id='word_1_50' title='bbox 839 1289 891 1322; x_wconf 88' lang='lat' dir='ltr'>uno</span> <span class='ocrx_word' id='word_1_51' title='bbox 922 1273 1025 1324; x_wconf 83' lang='lat' dir='ltr'>nomine</span> <span class='ocrx_word' id='word_1_52' title='bbox 1050 1289 1125 1324; x_wconf 85' lang='lat' dir='ltr'>cnrne</span> <span class='ocrx_word' id='word_1_53' title='bbox 1153 1276 1395 1338; x_wconf 79' lang='lat' dir='ltr'>complectebunmr.</span> 
     </span>
     <span class='ocr_line' id='line_1_8' title="bbox 246 1353 1396 1420; baseline 0 -14"><span class='ocrx_word' id='word_1_54' title='bbox 246 1355 346 1414; x_wconf 83' lang='lat' dir='ltr'>insertis</span> <span class='ocrx_word' id='word_1_55' title='bbox 361 1369 405 1406; x_wconf 80' lang='lat' dir='ltr'>ex</span> <span class='ocrx_word' id='word_1_56' title='bbox 429 1354 542 1418; x_wconf 83' lang='lat' dir='ltr'>margine</span> <span class='ocrx_word' id='word_1_57' title='bbox 567 1355 696 1404; x_wconf 86' lang='lat' dir='ltr'>versiculis</span> <span class='ocrx_word' id='word_1_58' title='bbox 711 1357 794 1420; x_wconf 76' lang='lat' dir='ltr'>pnite</span> <span class='ocrx_word' id='word_1_59' title='bbox 840 1353 909 1404; x_wconf 84' lang='lat' dir='ltr'>Hinc</span> <span class='ocrx_word' id='word_1_60' title='bbox 933 1369 994 1402; x_wconf 85' lang='lat' dir='ltr'>curn</span> <span class='ocrx_word' id='word_1_61' title='bbox 1011 1360 1036 1404; x_wconf 86' lang='lat' dir='ltr'>et</span> <span class='ocrx_word' id='word_1_62' title='bbox 1053 1369 1127 1402; x_wconf 84' lang='lat' dir='ltr'>curae</span> <span class='ocrx_word' id='word_1_63' title='bbox 1144 1357 1237 1406; x_wconf 87' lang='lat' dir='ltr'>sensim</span> <span class='ocrx_word' id='word_1_64' title='bbox 1253 1363 1396 1420; x_wconf 83' lang='lat' dir='ltr'>coeperunt</span> 
     </span>
    </p>
   </div>
   <div class='ocr_carea' id='block_1_4' title="bbox 230 1434 802 2870">
    <p class='ocr_par' dir='ltr' id='par_1_5' title="bbox 230 1434 802 2870">
     <span class='ocr_line' id='line_1_9' title="bbox 246 1434 794 1500; baseline 0.007 -16"><span class='ocrx_word' id='word_1_65' title='bbox 246 1450 304 1500; x_wconf 77' lang='lat' dir='ltr'>rum</span> <span class='ocrx_word' id='word_1_66' title='bbox 327 1435 360 1484; x_wconf 89' lang='lat' dir='ltr'>sit</span> <span class='ocrx_word' id='word_1_67' title='bbox 384 1441 527 1498; x_wconf 76' lang='lat' dir='ltr'>comptus,</span> <span class='ocrx_word' id='word_1_68' title='bbox 543 1434 628 1484; x_wconf 83' lang='lat' dir='ltr'>docuit</span> <span class='ocrx_word' id='word_1_69' title='bbox 649 1435 700 1485; x_wconf 79' lang='lat' dir='ltr'>ium</span> <span class='ocrx_word' id='word_1_70' title='bbox 717 1435 794 1488; x_wconf 72' lang='lat' dir='ltr'>Eme·</span> 
     </span>
     <span class='ocr_line' id='line_1_10' title="bbox 247 1514 794 1580; baseline -0.004 -14"><span class='ocrx_word' id='word_1_71' title='bbox 247 1523 300 1572; x_wconf 83' lang='lat' dir='ltr'>stus</span> <span class='ocrx_word' id='word_1_72' title='bbox 313 1517 340 1566; x_wconf 89' lang='lat' dir='ltr'>in</span> <span class='ocrx_word' id='word_1_73' title='bbox 358 1514 468 1566; x_wconf 83' lang='lat' dir='ltr'>Prnet&#39;nt.</span> <span class='ocrx_word' id='word_1_74' title='bbox 485 1529 510 1580; x_wconf 89' lang='lat' dir='ltr'>p.</span> <span class='ocrx_word' id='word_1_75' title='bbox 527 1514 632 1566; x_wconf 85' lang='lat' dir='ltr'>LXIV.</span> <span class='ocrx_word' id='word_1_76' title='bbox 650 1517 689 1567; x_wconf 87' lang='lat' dir='ltr'>ed.</span> <span class='ocrx_word' id='word_1_77' title='bbox 709 1514 794 1566; x_wconf 86' lang='lat' dir='ltr'>Oberl.</span> 
     </span>
     <span class='ocr_line' id='line_1_11' title="bbox 230 1593 795 1659; baseline 0.002 -14"><span class='ocrx_word' id='word_1_78' title='bbox 230 1596 345 1659; x_wconf 71' lang='lat' dir='ltr'>,ntulit</span> <span class='ocrx_word' id='word_1_79' title='bbox 361 1595 476 1658; x_wconf 80' lang='lat' dir='ltr'>exempla</span> <span class='ocrx_word' id='word_1_80' title='bbox 493 1607 526 1646; x_wconf 82' lang='lat' dir='ltr'>ex</span> <span class='ocrx_word' id='word_1_81' title='bbox 543 1595 594 1650; x_wconf 81' lang='lat' dir='ltr'>Me.</span> <span class='ocrx_word' id='word_1_82' title='bbox 612 1593 738 1646; x_wconf 79' lang='lat' dir='ltr'>Guelferb.</span> <span class='ocrx_word' id='word_1_83' title='bbox 754 1611 795 1646; x_wconf 83' lang='lat' dir='ltr'>cu·</span> 
     </span>
     <span class='ocr_line' id='line_1_12' title="bbox 246 1675 796 1740; baseline -0.007 -12"><span class='ocrx_word' id='word_1_84' title='bbox 246 1678 285 1738; x_wconf 84' lang='lat' dir='ltr'>ius</span> <span class='ocrx_word' id='word_1_85' title='bbox 292 1677 418 1740; x_wconf 78' lang='lat' dir='ltr'>murglnee</span> <span class='ocrx_word' id='word_1_86' title='bbox 425 1676 518 1738; x_wconf 79' lang='lat' dir='ltr'>multos</span> <span class='ocrx_word' id='word_1_87' title='bbox 525 1675 796 1740; x_wconf 69' lang='lat' dir='ltr'>versicdosetperticn·</span> 
     </span>
     <span class='ocr_line' id='line_1_13' title="bbox 245 1756 796 1820; baseline -0.005 -9"><span class='ocrx_word' id='word_1_88' title='bbox 245 1756 579 1811; x_wconf 78' lang='lat' dir='ltr'>lesnersioulorumhabent.</span> <span class='ocrx_word' id='word_1_89' title='bbox 594 1757 632 1806; x_wconf 91' lang='lat' dir='ltr'>Hi</span> <span class='ocrx_word' id='word_1_90' title='bbox 639 1772 716 1820; x_wconf 83' lang='lat' dir='ltr'>quern</span> <span class='ocrx_word' id='word_1_91' title='bbox 723 1757 796 1808; x_wconf 80' lang='lat' dir='ltr'>focile</span> 
     </span>
     <span class='ocr_line' id='line_1_14' title="bbox 246 1836 796 1902; baseline 0.004 -16"><span class='ocrx_word' id='word_1_92' title='bbox 246 1839 274 1888; x_wconf 90' lang='lat' dir='ltr'>in</span> <span class='ocrx_word' id='word_1_93' title='bbox 282 1844 381 1888; x_wconf 78' lang='lat' dir='ltr'>textum</span> <span class='ocrx_word' id='word_1_94' title='bbox 388 1837 700 1901; x_wconf 78' lang='lat' dir='ltr'>migrarent,itttelligltur.</span> <span class='ocrx_word' id='word_1_95' title='bbox 715 1836 745 1888; x_wconf 83' lang='lat' dir='ltr'>Si</span> <span class='ocrx_word' id='word_1_96' title='bbox 752 1839 796 1902; x_wconf 78' lang='lat' dir='ltr'>igi-</span> 
     </span>
     <span class='ocr_line' id='line_1_15' title="bbox 247 1917 798 1984; baseline 0.004 -16"><span class='ocrx_word' id='word_1_97' title='bbox 247 1917 798 1984; x_wconf 79' lang='lat' dir='ltr'>turhucsstucmtgrrsscvideannn,contectn-</span> 
     </span>
     <span class='ocr_line' id='line_1_16' title="bbox 246 1999 798 2067; baseline -0.004 -15"><span class='ocrx_word' id='word_1_98' title='bbox 246 2016 276 2052; x_wconf 83' lang='lat' dir='ltr'>rn</span> <span class='ocrx_word' id='word_1_99' title='bbox 287 2001 410 2067; x_wconf 78' lang='lat' dir='ltr'>probabili</span> <span class='ocrx_word' id='word_1_100' title='bbox 426 2005 484 2051; x_wconf 84' lang='lat' dir='ltr'>sunt</span> <span class='ocrx_word' id='word_1_101' title='bbox 493 1999 615 2050; x_wconf 84' lang='lat' dir='ltr'>eliciendi.</span> <span class='ocrx_word' id='word_1_102' title='bbox 632 1999 724 2057; x_wconf 73' lang='lat' dir='ltr'>uene</span> <span class='ocrx_word' id='word_1_103' title='bbox 737 2007 798 2050; x_wconf 83' lang='lat' dir='ltr'>tem·</span> 
     </span>
     <span class='ocr_line' id='line_1_17' title="bbox 248 2077 799 2150; baseline -0.011 -15"><span class='ocrx_word' id='word_1_104' title='bbox 248 2096 326 2150; x_wconf 80' lang='lat' dir='ltr'>quem</span> <span class='ocrx_word' id='word_1_105' title='bbox 336 2081 418 2131; x_wconf 77' lang='lat' dir='ltr'>Taciti</span> <span class='ocrx_word' id='word_1_106' title='bbox 426 2080 453 2133; x_wconf 89' lang='lat' dir='ltr'>in</span> <span class='ocrx_word' id='word_1_107' title='bbox 462 2079 548 2140; x_wconf 80' lang='lat' dir='ltr'>Germ.</span> <span class='ocrx_word' id='word_1_108' title='bbox 558 2084 598 2132; x_wconf 83' lang='lat'>³9.</span> <span class='ocrx_word' id='word_1_109' title='bbox 609 2077 682 2134; x_wconf 78' lang='lat' dir='ltr'>Scato</span> <span class='ocrx_word' id='word_1_110' title='bbox 692 2088 799 2145; x_wconf 80' lang='lat' dir='ltr'>ternpore</span> 
     </span>
     <span class='ocr_line' id='line_1_18' title="bbox 249 2161 800 2226; baseline -0.007 -14"><span class='ocrx_word' id='word_1_111' title='bbox 249 2161 276 2212; x_wconf 85' lang='lat' dir='ltr'>in</span> <span class='ocrx_word' id='word_1_112' title='bbox 292 2161 395 2220; x_wconf 83' lang='lat' dir='ltr'>silvam,</span> <span class='ocrx_word' id='word_1_113' title='bbox 417 2161 531 2223; x_wconf 62' lang='lat' dir='ltr'>auguriis</span> <span class='ocrx_word' id='word_1_114' title='bbox 549 2168 652 2225; x_wconf 79' lang='lat' dir='ltr'>patrum</span> <span class='ocrx_word' id='word_1_115' title='bbox 673 2169 697 2210; x_wconf 85' lang='lat' dir='ltr'>et</span> <span class='ocrx_word' id='word_1_116' title='bbox 709 2161 800 2226; x_wconf 78' lang='lat' dir='ltr'>prisca</span> 
     </span>
     <span class='ocr_line' id='line_1_19' title="bbox 243 2239 799 2304; baseline 0 -12"><span class='ocrx_word' id='word_1_117' title='bbox 243 2239 799 2304; x_wconf 58' lang='lat' dir='ltr'>formidinesaernmmrnneseinsdetnsnnyni·</span> 
     </span>
     <span class='ocr_line' id='line_1_20' title="bbox 248 2318 799 2388; baseline 0.004 -18"><span class='ocrx_word' id='word_1_118' title='bbox 248 2318 640 2388; x_wconf 70' lang='lat' dir='ltr'>nispopnlileyotiombnsooennt.</span> <span class='ocrx_word' id='word_1_119' title='bbox 655 2321 799 2382; x_wconf 85' lang='lat' dir='ltr'>Ibi,credo,</span> 
     </span>
     <span class='ocr_line' id='line_1_21' title="bbox 248 2401 799 2466; baseline -0.011 -6"><span class='ocrx_word' id='word_1_120' title='bbox 248 2401 799 2466; x_wconf 77' lang='lat' dir='ltr'>tuuscuiquesensusdicetTncitumscripsis·</span> 
     </span>
     <span class='ocr_line' id='line_1_22' title="bbox 251 2480 800 2546; baseline -0.004 -14"><span class='ocrx_word' id='word_1_121' title='bbox 251 2497 287 2542; x_wconf 73' lang='lat' dir='ltr'>se.-</span> <span class='ocrx_word' id='word_1_122' title='bbox 294 2480 366 2537; x_wconf 77' lang='lat' dir='ltr'>Staio</span> <span class='ocrx_word' id='word_1_123' title='bbox 374 2490 480 2546; x_wconf 80' lang='lat' dir='ltr'>ternpore</span> <span class='ocrx_word' id='word_1_124' title='bbox 488 2482 514 2532; x_wconf 84' lang='lat' dir='ltr'>in</span> <span class='ocrx_word' id='word_1_125' title='bbox 521 2480 609 2530; x_wconf 73' lang='lat' dir='ltr'>sitnon</span> <span class='ocrx_word' id='word_1_126' title='bbox 617 2497 714 2532; x_wconf 82' lang='lat' dir='ltr'>sacram</span> <span class='ocrx_word' id='word_1_127' title='bbox 722 2497 800 2534; x_wconf 73' lang='lat' dir='ltr'>omme</span> 
     </span>
     <span class='ocr_line' id='line_1_23' title="bbox 251 2561 800 2627; baseline -0.004 -15"><span class='ocrx_word' id='word_1_128' title='bbox 251 2561 800 2627; x_wconf 66' lang='lat' dir='ltr'>eiusdemsanquinispopuiibontionibnscoe·</span> 
     </span>
     <span class='ocr_line' id='line_1_24' title="bbox 252 2643 801 2706; baseline 0 -14"><span class='ocrx_word' id='word_1_129' title='bbox 252 2651 303 2699; x_wconf 78' lang='lat' dir='ltr'>unt.</span> <span class='ocrx_word' id='word_1_130' title='bbox 321 2649 346 2696; x_wconf 88' lang='lat' dir='ltr'>et</span> <span class='ocrx_word' id='word_1_131' title='bbox 361 2643 472 2696; x_wconf 83' lang='lat' dir='ltr'>medium</span> <span class='ocrx_word' id='word_1_132' title='bbox 488 2643 663 2698; x_wconf 72' lang='lat' dir='ltr'>hexametrum</span> <span class='ocrx_word' id='word_1_133' title='bbox 679 2657 712 2696; x_wconf 84' lang='lat' dir='ltr'>ex</span> <span class='ocrx_word' id='word_1_134' title='bbox 726 2644 801 2706; x_wconf 65' lang='lat' dir='ltr'>putta</span> 
     </span>
     <span class='ocr_line' id='line_1_25' title="bbox 253 2726 385 2790; baseline 0.023 -16"><span class='ocrx_word' id='word_1_135' title='bbox 253 2726 385 2790; x_wconf 70' lang='lat' dir='ltr'>ediectum.</span> 
     </span>
     <span class='ocr_line' id='line_1_26' title="bbox 309 2802 802 2870; baseline -0.006 -15"><span class='ocrx_word' id='word_1_136' title='bbox 309 2803 398 2858; x_wconf 82' lang='lat' dir='ltr'>Consul</span> <span class='ocrx_word' id='word_1_137' title='bbox 414 2802 735 2870; x_wconf 73' lang='lat' dir='ltr'>eqreqiaetnrnspes&#39;filiom</span> <span class='ocrx_word' id='word_1_138' title='bbox 743 2803 802 2856; x_wconf 77' lang='lat' dir='ltr'>mitt</span> 
     </span>
    </p>
   </div>
   <div class='ocr_carea' id='block_1_5' title="bbox 840 1435 1402 2864">
    <p class='ocr_par' dir='ltr' id='par_1_6' title="bbox 840 1435 1397 1824">
     <span class='ocr_line' id='line_1_27' title="bbox 840 1435 1396 1501; baseline 0 -17"><span class='ocrx_word' id='word_1_139' title='bbox 840 1435 980 1498; x_wconf 70' lang='lat' dir='ltr'>significare</span> <span class='ocrx_word' id='word_1_140' title='bbox 1004 1435 1072 1486; x_wconf 79' lang='lat' dir='ltr'>idem</span> <span class='ocrx_word' id='word_1_141' title='bbox 1095 1437 1163 1501; x_wconf 88' lang='lat' dir='ltr'>qnod</span> <span class='ocrx_word' id='word_1_142' title='bbox 1178 1437 1283 1500; x_wconf 74' lang='lat' dir='ltr'>scripto.</span> <span class='ocrx_word' id='word_1_143' title='bbox 1302 1436 1396 1492; x_wconf 85' lang='lat' dir='ltr'>Sive·</span> 
     </span>
     <span class='ocr_line' id='line_1_28' title="bbox 840 1517 1397 1580; baseline 0.011 -16"><span class='ocrx_word' id='word_1_144' title='bbox 840 1530 896 1564; x_wconf 84' lang='lat' dir='ltr'>rum</span> <span class='ocrx_word' id='word_1_145' title='bbox 918 1522 969 1574; x_wconf 88' lang='lat' dir='ltr'>est,</span> <span class='ocrx_word' id='word_1_146' title='bbox 990 1517 1058 1580; x_wconf 87' lang='lat' dir='ltr'>quod</span> <span class='ocrx_word' id='word_1_147' title='bbox 1075 1517 1190 1566; x_wconf 87' lang='lat' dir='ltr'>Muretus</span> <span class='ocrx_word' id='word_1_148' title='bbox 1204 1517 1278 1577; x_wconf 87' lang='lat' dir='ltr'>dicit,</span> <span class='ocrx_word' id='word_1_149' title='bbox 1293 1517 1321 1570; x_wconf 87' lang='lat' dir='ltr'>in</span> <span class='ocrx_word' id='word_1_150' title='bbox 1339 1518 1397 1570; x_wconf 75' lang='lat' dir='ltr'>Tu·</span> 
     </span>
     <span class='ocr_line' id='line_1_29' title="bbox 841 1596 1397 1661; baseline 0.009 -17"><span class='ocrx_word' id='word_1_151' title='bbox 841 1597 884 1646; x_wconf 89' lang='lat' dir='ltr'>citi</span> <span class='ocrx_word' id='word_1_152' title='bbox 901 1596 997 1648; x_wconf 76' lang='lat' dir='ltr'>Anud.</span> <span class='ocrx_word' id='word_1_153' title='bbox 1015 1597 1067 1648; x_wconf 88' lang='lat' dir='ltr'>IV.</span> <span class='ocrx_word' id='word_1_154' title='bbox 1087 1603 1114 1648; x_wconf 91' lang='lat' dir='ltr'>lt</span> <span class='ocrx_word' id='word_1_155' title='bbox 1130 1599 1397 1661; x_wconf 76' lang='lat' dir='ltr'>proeo,quodvnlgo</span> 
     </span>
     <span class='ocr_line' id='line_1_30' title="bbox 841 1677 1397 1742; baseline 0.007 -16"><span class='ocrx_word' id='word_1_156' title='bbox 841 1678 932 1742; x_wconf 82' lang='lat' dir='ltr'>legitur</span> <span class='ocrx_word' id='word_1_157' title='bbox 957 1693 1057 1741; x_wconf 80' lang='lat' dir='ltr'>quornm</span> <span class='ocrx_word' id='word_1_158' title='bbox 1082 1677 1107 1726; x_wconf 86' lang='lat' dir='ltr'>in</span> <span class='ocrx_word' id='word_1_159' title='bbox 1124 1693 1209 1728; x_wconf 84' lang='lat' dir='ltr'>manns</span> <span class='ocrx_word' id='word_1_160' title='bbox 1225 1693 1288 1726; x_wconf 83' lang='lat' dir='ltr'>curn</span> <span class='ocrx_word' id='word_1_161' title='bbox 1303 1687 1397 1730; x_wconf 74' lang='lat' dir='ltr'>nostra</span> 
     </span>
     <span class='ocr_line' id='line_1_31' title="bbox 841 1758 1379 1824; baseline 0.004 -16"><span class='ocrx_word' id='word_1_162' title='bbox 841 1758 947 1818; x_wconf 84' lang='lat' dir='ltr'>venerit,</span> <span class='ocrx_word' id='word_1_163' title='bbox 978 1759 1005 1808; x_wconf 88' lang='lat' dir='ltr'>in</span> <span class='ocrx_word' id='word_1_164' title='bbox 1033 1758 1104 1808; x_wconf 87' lang='lat' dir='ltr'>libris</span> <span class='ocrx_word' id='word_1_165' title='bbox 1133 1758 1241 1824; x_wconf 62' lang='lat' dir='ltr'>entbuis</span> <span class='ocrx_word' id='word_1_166' title='bbox 1265 1759 1379 1811; x_wconf 81' lang='lat' dir='ltr'>inveniri</span> 
     </span>
    </p>

    <p class='ocr_par' dir='ltr' id='par_1_7' title="bbox 843 1837 1402 2864">
     <span class='ocr_line' id='line_1_32' title="bbox 843 1837 1399 1904; baseline 0.011 -18"><span class='ocrx_word' id='word_1_167' title='bbox 843 1837 1399 1904; x_wconf 72' lang='lat' dir='ltr'>scriptonostrnoencrint,puteremscripta</span> 
     </span>
     <span class='ocr_line' id='line_1_33' title="bbox 843 1919 1398 1982; baseline 0.009 -14"><span class='ocrx_word' id='word_1_168' title='bbox 843 1932 896 1976; x_wconf 84' lang='lat' dir='ltr'>esse</span> <span class='ocrx_word' id='word_1_169' title='bbox 921 1919 1151 1982; x_wconf 70' lang='lat' dir='ltr'>interpretationem</span> <span class='ocrx_word' id='word_1_170' title='bbox 1176 1935 1259 1968; x_wconf 81' lang='lat' dir='ltr'>cerne.</span> <span class='ocrx_word' id='word_1_171' title='bbox 1295 1919 1398 1972; x_wconf 79' lang='lat' dir='ltr'>Grono-</span> 
     </span>
     <span class='ocr_line' id='line_1_34' title="bbox 843 1999 1398 2064; baseline 0.009 -17"><span class='ocrx_word' id='word_1_172' title='bbox 843 1999 898 2050; x_wconf 85' lang='lat' dir='ltr'>vius</span> <span class='ocrx_word' id='word_1_173' title='bbox 923 1999 1003 2054; x_wconf 84' lang='lat' dir='ltr'>nescit</span> <span class='ocrx_word' id='word_1_174' title='bbox 1024 1999 1067 2064; x_wconf 90' lang='lat' dir='ltr'>qui</span> <span class='ocrx_word' id='word_1_175' title='bbox 1084 2000 1135 2048; x_wconf 88' lang='lat' dir='ltr'>sint</span> <span class='ocrx_word' id='word_1_176' title='bbox 1150 2000 1192 2048; x_wconf 85' lang='lat' dir='ltr'>isti</span> <span class='ocrx_word' id='word_1_177' title='bbox 1207 2001 1267 2050; x_wconf 89' lang='lat' dir='ltr'>libri</span> <span class='ocrx_word' id='word_1_178' title='bbox 1282 2002 1398 2064; x_wconf 75' lang='lat' dir='ltr'>antiqui,</span> 
     </span>
     <span class='ocr_line' id='line_1_35' title="bbox 843 2079 1399 2144; baseline 0.011 -16"><span class='ocrx_word' id='word_1_179' title='bbox 843 2081 915 2144; x_wconf 77' lang='lat' dir='ltr'>quusi</span> <span class='ocrx_word' id='word_1_180' title='bbox 940 2081 1055 2140; x_wconf 85' lang='lat' dir='ltr'>Mureto,</span> <span class='ocrx_word' id='word_1_181' title='bbox 1078 2079 1165 2130; x_wconf 71' lang='lat' dir='ltr'>bonde</span> <span class='ocrx_word' id='word_1_182' title='bbox 1185 2081 1294 2143; x_wconf 69' lang='lat' dir='ltr'>quedem</span> <span class='ocrx_word' id='word_1_183' title='bbox 1309 2081 1335 2132; x_wconf 88' lang='lat' dir='ltr'>in</span> <span class='ocrx_word' id='word_1_184' title='bbox 1352 2081 1399 2134; x_wconf 82' lang='lat' dir='ltr'>his</span> 
     </span>
     <span class='ocr_line' id='line_1_36' title="bbox 844 2161 1400 2224; baseline -0.004 -12"><span class='ocrx_word' id='word_1_185' title='bbox 844 2163 918 2212; x_wconf 84' lang='lat' dir='ltr'>rebus</span> <span class='ocrx_word' id='word_1_186' title='bbox 942 2166 1015 2224; x_wconf 87' lang='lat' dir='ltr'>noto,</span> <span class='ocrx_word' id='word_1_187' title='bbox 1041 2161 1117 2212; x_wconf 85' lang='lat' dir='ltr'>iidem</span> <span class='ocrx_word' id='word_1_188' title='bbox 1133 2176 1185 2212; x_wconf 88' lang='lat' dir='ltr'>non</span> <span class='ocrx_word' id='word_1_189' title='bbox 1201 2161 1299 2213; x_wconf 74' lang='lat' dir='ltr'>hebent</span> <span class='ocrx_word' id='word_1_190' title='bbox 1333 2161 1400 2224; x_wconf 85' lang='lat' dir='ltr'>Ipse</span> 
     </span>
     <span class='ocr_line' id='line_1_37' title="bbox 845 2239 1400 2307; baseline 0.007 -17"><span class='ocrx_word' id='word_1_191' title='bbox 845 2257 928 2292; x_wconf 84' lang='lat' dir='ltr'>cnrnm</span> <span class='ocrx_word' id='word_1_192' title='bbox 945 2242 1066 2307; x_wconf 72' lang='lat' dir='ltr'>exemptis</span> <span class='ocrx_word' id='word_1_193' title='bbox 1082 2242 1197 2294; x_wconf 81' lang='lat' dir='ltr'>illustret.</span> <span class='ocrx_word' id='word_1_194' title='bbox 1223 2241 1301 2292; x_wconf 83' lang='lat' dir='ltr'>Addo</span> <span class='ocrx_word' id='word_1_195' title='bbox 1317 2239 1400 2297; x_wconf 81' lang='lat' dir='ltr'>ovid.</span> 
     </span>
     <span class='ocr_line' id='line_1_38' title="bbox 847 2320 1400 2384; baseline 0 -10"><span class='ocrx_word' id='word_1_196' title='bbox 847 2323 923 2374; x_wconf 75' lang='lat' dir='ltr'>trist.</span> <span class='ocrx_word' id='word_1_197' title='bbox 950 2322 989 2372; x_wconf 91' lang='grc' dir='ltr'>ΙΙ.</span> <span class='ocrx_word' id='word_1_198' title='bbox 1010 2327 1032 2374; x_wconf 89' lang='grc'>1.</span> <span class='ocrx_word' id='word_1_199' title='bbox 1052 2320 1119 2378; x_wconf 75' lang='lat' dir='ltr'>Quid</span> <span class='ocrx_word' id='word_1_200' title='bbox 1132 2321 1191 2372; x_wconf 76' lang='lat' dir='ltr'>mitt</span> <span class='ocrx_word' id='word_1_201' title='bbox 1206 2322 1327 2374; x_wconf 80' lang='lat' dir='ltr'>nobiscnm</span> <span class='ocrx_word' id='word_1_202' title='bbox 1342 2333 1400 2384; x_wconf 78' lang='lat' dir='ltr'>eet,</span> 
     </span>
     <span class='ocr_line' id='line_1_39' title="bbox 845 2400 1402 2467; baseline 0.011 -19"><span class='ocrx_word' id='word_1_203' title='bbox 845 2401 938 2466; x_wconf 67' lang='lat' dir='ltr'>infelix</span> <span class='ocrx_word' id='word_1_204' title='bbox 955 2418 1030 2462; x_wconf 80' lang='lat' dir='ltr'>curn,</span> <span class='ocrx_word' id='word_1_205' title='bbox 1048 2402 1137 2462; x_wconf 85' lang='lat' dir='ltr'>libelli,</span> <span class='ocrx_word' id='word_1_206' title='bbox 1152 2400 1253 2466; x_wconf 71' lang='lat' dir='ltr'>Inqenio</span> <span class='ocrx_word' id='word_1_207' title='bbox 1266 2401 1402 2467; x_wconf 82' lang='lat' dir='ltr'>periiqui</span> 
     </span>
     <span class='ocr_line' id='line_1_40' title="bbox 845 2481 1399 2546; baseline 0.005 -13"><span class='ocrx_word' id='word_1_208' title='bbox 845 2483 918 2533; x_wconf 78' lang='lat' dir='ltr'>miser</span> <span class='ocrx_word' id='word_1_209' title='bbox 942 2481 997 2546; x_wconf 82' lang='lat' dir='ltr'>ipse</span> <span class='ocrx_word' id='word_1_210' title='bbox 1021 2485 1087 2532; x_wconf 85' lang='lat' dir='ltr'>meol</span> <span class='ocrx_word' id='word_1_211' title='bbox 1113 2484 1186 2534; x_wconf 85' lang='lat' dir='ltr'>Idem</span> <span class='ocrx_word' id='word_1_212' title='bbox 1202 2497 1236 2534; x_wconf 76' lang='lat' dir='ltr'>ex</span> <span class='ocrx_word' id='word_1_213' title='bbox 1252 2483 1336 2534; x_wconf 86' lang='lat' dir='ltr'>Ponto</span> <span class='ocrx_word' id='word_1_214' title='bbox 1352 2485 1399 2536; x_wconf 88' lang='lat' dir='ltr'>H.</span> 
     </span>
     <span class='ocr_line' id='line_1_41' title="bbox 845 2560 1398 2629; baseline 0.007 -19"><span class='ocrx_word' id='word_1_215' title='bbox 845 2577 882 2620; x_wconf 62' lang='lat' dir='ltr'>,nn</span> <span class='ocrx_word' id='word_1_216' title='bbox 903 2567 940 2612; x_wconf 82' lang='lat'>15.</span> <span class='ocrx_word' id='word_1_217' title='bbox 960 2560 1033 2618; x_wconf 76' lang='lat' dir='ltr'>Quod</span> <span class='ocrx_word' id='word_1_218' title='bbox 1048 2573 1074 2612; x_wconf 85' lang='lat' dir='ltr'>tn</span> <span class='ocrx_word' id='word_1_219' title='bbox 1091 2563 1224 2626; x_wconf 76' lang='lat' dir='ltr'>laoderus,</span> <span class='ocrx_word' id='word_1_220' title='bbox 1234 2563 1398 2629; x_wconf 72' lang='lat' dir='ltr'>populonia·</span> 
     </span>
     <span class='ocr_line' id='line_1_42' title="bbox 846 2641 1399 2710; baseline 0.007 -18"><span class='ocrx_word' id='word_1_221' title='bbox 846 2643 925 2694; x_wconf 81' lang='lat' dir='ltr'>cnisee</span> <span class='ocrx_word' id='word_1_222' title='bbox 946 2643 1081 2710; x_wconf 81' lang='lat' dir='ltr'>putabam:</span> <span class='ocrx_word' id='word_1_223' title='bbox 1106 2641 1164 2692; x_wconf 88' lang='lat' dir='ltr'>Hoc</span> <span class='ocrx_word' id='word_1_224' title='bbox 1184 2644 1295 2710; x_wconf 78' lang='lat' dir='ltr'>pretinm</span> <span class='ocrx_word' id='word_1_225' title='bbox 1317 2660 1399 2696; x_wconf 75' lang='lat' dir='ltr'>curuo</span> 
     </span>
     <span class='ocr_line' id='line_1_43' title="bbox 847 2721 1398 2790; baseline 0.011 -18"><span class='ocrx_word' id='word_1_226' title='bbox 847 2723 917 2774; x_wconf 85' lang='lat' dir='ltr'>dnlce</span> <span class='ocrx_word' id='word_1_227' title='bbox 933 2723 1038 2774; x_wconf 85' lang='lat' dir='ltr'>recentis</span> <span class='ocrx_word' id='word_1_228' title='bbox 1054 2732 1118 2774; x_wconf 84' lang='lat' dir='ltr'>erat.</span> <span class='ocrx_word' id='word_1_229' title='bbox 1160 2721 1242 2790; x_wconf 79' lang='lat' dir='ltr'>thue</span> <span class='ocrx_word' id='word_1_230' title='bbox 1258 2725 1398 2778; x_wconf 75' lang='lat' dir='ltr'>messlimn</span> 
     </span>
     <span class='ocr_line' id='line_1_44' title="bbox 846 2802 1398 2864; baseline 0.005 -13"><span class='ocrx_word' id='word_1_231' title='bbox 846 2819 920 2854; x_wconf 82' lang='lat' dir='ltr'>rusus</span> <span class='ocrx_word' id='word_1_232' title='bbox 937 2803 997 2852; x_wconf 83' lang='lat' dir='ltr'>iiber</span> <span class='ocrx_word' id='word_1_233' title='bbox 1014 2812 1077 2854; x_wconf 84' lang='lat' dir='ltr'>esset</span> <span class='ocrx_word' id='word_1_234' title='bbox 1093 2803 1177 2864; x_wconf 83' lang='lat' dir='ltr'>amici,</span> <span class='ocrx_word' id='word_1_235' title='bbox 1195 2802 1255 2854; x_wconf 92' lang='lat' dir='ltr'>Non</span> <span class='ocrx_word' id='word_1_236' title='bbox 1268 2804 1398 2856; x_wconf 81' lang='lat' dir='ltr'>senrclnd-</span> 
     </span>
    </p>
   </div>
   <div class='ocr_carea' id='block_1_6' title="bbox 249 2882 1401 3518">
    <p class='ocr_par' dir='ltr' id='par_1_8' title="bbox 249 2882 1401 3518">
     <span class='ocr_line' id='line_1_45' title="bbox 252 2882 1399 2952; baseline 0.002 -16"><span class='ocrx_word' id='word_1_237' title='bbox 252 2885 392 2952; x_wconf 77' lang='lat' dir='ltr'>despondit.</span> <span class='ocrx_word' id='word_1_238' title='bbox 427 2886 532 2941; x_wconf 82' lang='lat' dir='ltr'>Inscitie</span> <span class='ocrx_word' id='word_1_239' title='bbox 547 2885 801 2942; x_wconf 67' lang='lat' dir='ltr'>librariorumexboc</span> <span class='ocrx_word' id='word_1_240' title='bbox 846 2883 934 2936; x_wconf 83' lang='lat' dir='ltr'>monitu</span> <span class='ocrx_word' id='word_1_241' title='bbox 944 2885 1026 2951; x_wconf 83' lang='lat' dir='ltr'>sacto</span> <span class='ocrx_word' id='word_1_242' title='bbox 1042 2882 1120 2940; x_wconf 76' lang='lat' dir='ltr'>lituro</span> <span class='ocrx_word' id='word_1_243' title='bbox 1137 2893 1177 2937; x_wconf 79' lang='lat' dir='ltr'>tuo</span> <span class='ocrx_word' id='word_1_244' title='bbox 1194 2893 1239 2934; x_wconf 85' lang='lat' dir='ltr'>est.</span> <span class='ocrx_word' id='word_1_245' title='bbox 1262 2886 1399 2938; x_wconf 73' lang='lat' dir='ltr'>Phaedrus</span> 
     </span>
     <span class='ocr_line' id='line_1_46' title="bbox 252 2963 1401 3036; baseline -0.001 -17"><span class='ocrx_word' id='word_1_246' title='bbox 252 2982 351 3036; x_wconf 81' lang='lat' dir='ltr'>quoque</span> <span class='ocrx_word' id='word_1_247' title='bbox 367 2968 422 3020; x_wconf 88' lang='lat' dir='ltr'>loco</span> <span class='ocrx_word' id='word_1_248' title='bbox 431 2972 539 3032; x_wconf 75' lang='lat' dir='ltr'>apparet.</span> <span class='ocrx_word' id='word_1_249' title='bbox 558 2965 713 3028; x_wconf 85' lang='lat' dir='ltr'>Scripserent</span> <span class='ocrx_word' id='word_1_250' title='bbox 724 2963 801 3017; x_wconf 83' lang='lat' dir='ltr'>Grae·</span> <span class='ocrx_word' id='word_1_251' title='bbox 847 2965 873 3016; x_wconf 88' lang='lat' dir='ltr'>in</span> <span class='ocrx_word' id='word_1_252' title='bbox 890 2964 997 3028; x_wconf 83' lang='lat' dir='ltr'>Epilogo</span> <span class='ocrx_word' id='word_1_253' title='bbox 1013 2965 1072 3016; x_wconf 86' lang='lat' dir='ltr'>libri</span> <span class='ocrx_word' id='word_1_254' title='bbox 1089 2965 1127 3014; x_wconf 91' lang='lat'>11.</span> <span class='ocrx_word' id='word_1_255' title='bbox 1145 2969 1169 3014; x_wconf 85' lang='grc'>3.</span> <span class='ocrx_word' id='word_1_256' title='bbox 1189 2964 1262 3022; x_wconf 80' lang='lat' dir='ltr'>Quod</span> <span class='ocrx_word' id='word_1_257' title='bbox 1277 2967 1300 3016; x_wconf 84' lang='lat' dir='ltr'>si</span> <span class='ocrx_word' id='word_1_258' title='bbox 1313 2966 1401 3020; x_wconf 71' lang='lat' dir='ltr'>neore·</span> 
     </span>
     <span class='ocr_line' id='line_1_47' title="bbox 253 3043 1398 3114; baseline -0.003 -14"><span class='ocrx_word' id='word_1_259' title='bbox 253 3051 308 3114; x_wconf 72' lang='lat' dir='ltr'>eine</span> <span class='ocrx_word' id='word_1_260' title='bbox 333 3055 358 3100; x_wconf 84' lang='lat' dir='ltr'>et</span> <span class='ocrx_word' id='word_1_261' title='bbox 381 3056 463 3114; x_wconf 61' lang='lat' dir='ltr'>erate,</span> <span class='ocrx_word' id='word_1_262' title='bbox 497 3048 592 3110; x_wconf 79' lang='lat' dir='ltr'>Iidem,</span> <span class='ocrx_word' id='word_1_263' title='bbox 609 3048 699 3110; x_wconf 84' lang='lat' dir='ltr'>credo,</span> <span class='ocrx_word' id='word_1_264' title='bbox 717 3049 800 3103; x_wconf 79' lang='lat' dir='ltr'>edver-</span> <span class='ocrx_word' id='word_1_265' title='bbox 841 3046 944 3112; x_wconf 81' lang='lat' dir='ltr'>saverit</span> <span class='ocrx_word' id='word_1_266' title='bbox 967 3043 1068 3096; x_wconf 82' lang='lat' dir='ltr'>Latium</span> <span class='ocrx_word' id='word_1_267' title='bbox 1091 3061 1154 3106; x_wconf 78' lang='lat' dir='ltr'>tneo,</span> <span class='ocrx_word' id='word_1_268' title='bbox 1171 3044 1265 3100; x_wconf 80' lang='lat' dir='ltr'>Plures</span> <span class='ocrx_word' id='word_1_269' title='bbox 1282 3047 1398 3110; x_wconf 77' lang='lat' dir='ltr'>babebit,</span> 
     </span>
     <span class='ocr_line' id='line_1_48' title="bbox 253 3125 1399 3195; baseline -0.003 -10"><span class='ocrx_word' id='word_1_270' title='bbox 253 3133 324 3187; x_wconf 78' lang='lat' dir='ltr'>bium</span> <span class='ocrx_word' id='word_1_271' title='bbox 347 3131 414 3182; x_wconf 71' lang='lat' dir='ltr'>mele</span> <span class='ocrx_word' id='word_1_272' title='bbox 438 3135 654 3192; x_wconf 59' lang='lat' dir='ltr'>connectunt,</span> <span class='ocrx_word' id='word_1_273' title='bbox 680 3135 705 3186; x_wconf 80' lang='lat' dir='ltr'>et</span> <span class='ocrx_word' id='word_1_274' title='bbox 730 3129 800 3188; x_wconf 73' lang='lat' dir='ltr'>Tuci·</span> <span class='ocrx_word' id='word_1_275' title='bbox 847 3143 907 3192; x_wconf 82' lang='lat' dir='ltr'>qnos</span> <span class='ocrx_word' id='word_1_276' title='bbox 930 3135 1040 3195; x_wconf 77' lang='lat' dir='ltr'>opponat</span> <span class='ocrx_word' id='word_1_277' title='bbox 1067 3125 1196 3176; x_wconf 83' lang='lat' dir='ltr'>Graeciae.</span> <span class='ocrx_word' id='word_1_278' title='bbox 1221 3125 1252 3180; x_wconf 81' lang='lat' dir='ltr'>Si</span> <span class='ocrx_word' id='word_1_279' title='bbox 1276 3127 1339 3178; x_wconf 85' lang='lat' dir='ltr'>livor</span> <span class='ocrx_word' id='word_1_280' title='bbox 1356 3131 1399 3182; x_wconf 86' lang='lat' dir='ltr'>ob·</span> 
     </span>
     <span class='ocr_line' id='line_1_49' title="bbox 254 3207 1399 3274; baseline 0.003 -16"><span class='ocrx_word' id='word_1_281' title='bbox 254 3217 295 3274; x_wconf 74' lang='lat' dir='ltr'>tus</span> <span class='ocrx_word' id='word_1_282' title='bbox 312 3210 425 3260; x_wconf 80' lang='lat' dir='ltr'>dederet:</span> <span class='ocrx_word' id='word_1_283' title='bbox 448 3207 537 3259; x_wconf 78' lang='lat' dir='ltr'>conset</span> <span class='ocrx_word' id='word_1_284' title='bbox 553 3217 601 3258; x_wconf 80' lang='lat' dir='ltr'>inne</span> <span class='ocrx_word' id='word_1_285' title='bbox 616 3210 730 3272; x_wconf 64' lang='lat' dir='ltr'>cyconiae</span> <span class='ocrx_word' id='word_1_286' title='bbox 747 3210 802 3273; x_wconf 79' lang='lat' dir='ltr'>spei</span> <span class='ocrx_word' id='word_1_287' title='bbox 847 3215 955 3262; x_wconf 71' lang='lat' dir='ltr'>trecense</span> <span class='ocrx_word' id='word_1_288' title='bbox 980 3222 1063 3256; x_wconf 81' lang='lat' dir='ltr'>curam</span> <span class='ocrx_word' id='word_1_289' title='bbox 1086 3207 1204 3267; x_wconf 81' lang='lat' dir='ltr'>voluerit,</span> <span class='ocrx_word' id='word_1_290' title='bbox 1228 3207 1289 3258; x_wconf 86' lang='lat' dir='ltr'>Non</span> <span class='ocrx_word' id='word_1_291' title='bbox 1315 3218 1399 3262; x_wconf 73' lang='lat' dir='ltr'>tantm</span> 
     </span>
     <span class='ocr_line' id='line_1_50' title="bbox 249 3285 1398 3353; baseline 0.003 -15"><span class='ocrx_word' id='word_1_292' title='bbox 249 3288 333 3353; x_wconf 84' lang='lat' dir='ltr'>filium</span> <span class='ocrx_word' id='word_1_293' title='bbox 349 3286 407 3336; x_wconf 81' lang='lat' dir='ltr'>mitt</span> <span class='ocrx_word' id='word_1_294' title='bbox 423 3285 560 3351; x_wconf 76' lang='lat' dir='ltr'>despondit.</span> <span class='ocrx_word' id='word_1_295' title='bbox 577 3289 631 3340; x_wconf 84' lang='lat' dir='ltr'>Iste</span> <span class='ocrx_word' id='word_1_296' title='bbox 647 3289 801 3352; x_wconf 85' lang='lat' dir='ltr'>sibirespon-</span> <span class='ocrx_word' id='word_1_297' title='bbox 847 3286 937 3350; x_wconf 82' lang='lat' dir='ltr'>cripiet</span> <span class='ocrx_word' id='word_1_298' title='bbox 953 3285 1035 3342; x_wconf 84' lang='lat' dir='ltr'>landis</span> <span class='ocrx_word' id='word_1_299' title='bbox 1051 3289 1229 3339; x_wconf 81' lang='lat' dir='ltr'>conscientiam.</span> <span class='ocrx_word' id='word_1_300' title='bbox 1254 3289 1331 3340; x_wconf 88' lang='lat' dir='ltr'>Corn.</span> <span class='ocrx_word' id='word_1_301' title='bbox 1350 3289 1398 3344; x_wconf 83' lang='lat' dir='ltr'>Se·</span> 
     </span>
     <span class='ocr_line' id='line_1_51' title="bbox 254 3367 1400 3440; baseline 0 -20"><span class='ocrx_word' id='word_1_302' title='bbox 254 3373 315 3436; x_wconf 60' lang='lat' dir='ltr'>slent</span> <span class='ocrx_word' id='word_1_303' title='bbox 339 3367 423 3431; x_wconf 64' lang='lat' dir='ltr'>consul</span> <span class='ocrx_word' id='word_1_304' title='bbox 448 3375 497 3419; x_wconf 81' lang='lat' dir='ltr'>tum</span> <span class='ocrx_word' id='word_1_305' title='bbox 521 3367 664 3440; x_wconf 78' lang='lat' dir='ltr'>despondit,</span> <span class='ocrx_word' id='word_1_306' title='bbox 690 3385 720 3418; x_wconf 87' lang='lat' dir='ltr'>ac</span> <span class='ocrx_word' id='word_1_307' title='bbox 741 3379 801 3434; x_wconf 79' lang='lat' dir='ltr'>post</span> <span class='ocrx_word' id='word_1_308' title='bbox 846 3381 921 3420; x_wconf 76' lang='lat' dir='ltr'>verus</span> <span class='ocrx_word' id='word_1_309' title='bbox 944 3369 975 3418; x_wconf 81' lang='lat' dir='ltr'>de</span> <span class='ocrx_word' id='word_1_310' title='bbox 1001 3367 1087 3422; x_wconf 78' lang='lat' dir='ltr'>Aetne</span> <span class='ocrx_word' id='word_1_311' title='bbox 1111 3374 1152 3420; x_wconf 80' lang='lat'>24.</span> <span class='ocrx_word' id='word_1_312' title='bbox 1177 3367 1281 3420; x_wconf 84' lang='lat' dir='ltr'>Fortius</span> <span class='ocrx_word' id='word_1_313' title='bbox 1296 3369 1400 3434; x_wconf 62' lang='lat' dir='ltr'>innotus</span> 
     </span>
     <span class='ocr_line' id='line_1_52' title="bbox 254 3446 1400 3518; baseline 0.002 -18"><span class='ocrx_word' id='word_1_314' title='bbox 254 3449 404 3518; x_wconf 69' lang='lat' dir='ltr'>consulationi</span> <span class='ocrx_word' id='word_1_315' title='bbox 421 3448 556 3501; x_wconf 81' lang='lat' dir='ltr'>collocavit.</span> <span class='ocrx_word' id='word_1_316' title='bbox 574 3450 616 3510; x_wconf 77' lang='lat' dir='ltr'>Ite</span> <span class='ocrx_word' id='word_1_317' title='bbox 632 3463 684 3512; x_wconf 80' lang='lat' dir='ltr'>cup,</span> <span class='ocrx_word' id='word_1_318' title='bbox 701 3455 726 3505; x_wconf 77' lang='grc'>5.</span> <span class='ocrx_word' id='word_1_319' title='bbox 740 3449 801 3504; x_wconf 74' lang='lat' dir='ltr'>Tum</span> <span class='ocrx_word' id='word_1_320' title='bbox 847 3446 956 3497; x_wconf 82' lang='lat' dir='ltr'>molimur</span> <span class='ocrx_word' id='word_1_321' title='bbox 973 3456 1075 3512; x_wconf 78' lang='lat' dir='ltr'>pectore</span> <span class='ocrx_word' id='word_1_322' title='bbox 1091 3465 1174 3500; x_wconf 78' lang='lat' dir='ltr'>curas.</span> <span class='ocrx_word' id='word_1_323' title='bbox 1190 3451 1337 3500; x_wconf 75' lang='lat' dir='ltr'>Nemesion.</span> <span class='ocrx_word' id='word_1_324' title='bbox 1347 3449 1400 3514; x_wconf 75' lang='lat' dir='ltr'>Cy·</span> 
     </span>
    </p>
   </div>
   <div class='ocr_carea' id='block_1_7' title="bbox 253 3529 804 4322">
    <p class='ocr_par' dir='ltr' id='par_1_9' title="bbox 253 3529 804 4322">
     <span class='ocr_line' id='line_1_53' title="bbox 253 3529 800 3592; baseline -0.004 -10"><span class='ocrx_word' id='word_1_325' title='bbox 253 3531 286 3592; x_wconf 77' lang='lat' dir='ltr'>de</span> <span class='ocrx_word' id='word_1_326' title='bbox 310 3530 405 3592; x_wconf 76' lang='lat' dir='ltr'>salute,</span> <span class='ocrx_word' id='word_1_327' title='bbox 428 3547 483 3582; x_wconf 78' lang='lat' dir='ltr'>mox</span> <span class='ocrx_word' id='word_1_328' title='bbox 499 3529 529 3580; x_wconf 83' lang='lat' dir='ltr'>de</span> <span class='ocrx_word' id='word_1_329' title='bbox 544 3530 650 3582; x_wconf 80' lang='lat' dir='ltr'>victoria</span> <span class='ocrx_word' id='word_1_330' title='bbox 667 3538 800 3588; x_wconf 75' lang='lat' dir='ltr'>certavere.</span> 
     </span>
     <span class='ocr_line' id='line_1_54' title="bbox 255 3609 801 3670; baseline 0.007 -10"><span class='ocrx_word' id='word_1_331' title='bbox 255 3610 343 3660; x_wconf 86' lang='lat' dir='ltr'>Cicero</span> <span class='ocrx_word' id='word_1_332' title='bbox 367 3611 394 3660; x_wconf 88' lang='lat' dir='ltr'>in</span> <span class='ocrx_word' id='word_1_333' title='bbox 420 3611 500 3663; x_wconf 86' lang='lat' dir='ltr'>Bruto</span> <span class='ocrx_word' id='word_1_334' title='bbox 516 3615 557 3670; x_wconf 69' lang='grc'>88.</span> <span class='ocrx_word' id='word_1_335' title='bbox 576 3609 727 3666; x_wconf 69' lang='lat' dir='ltr'>Hortensius</span> <span class='ocrx_word' id='word_1_336' title='bbox 743 3612 801 3666; x_wconf 80' lang='lat' dir='ltr'>inci-</span> 
     </span>
     <span class='ocr_line' id='line_1_55' title="bbox 256 3685 801 3757; baseline 0.009 -17"><span class='ocrx_word' id='word_1_337' title='bbox 256 3687 329 3746; x_wconf 81' lang='lat' dir='ltr'>derat</span> <span class='ocrx_word' id='word_1_338' title='bbox 353 3688 380 3738; x_wconf 81' lang='lat' dir='ltr'>in</span> <span class='ocrx_word' id='word_1_339' title='bbox 408 3685 493 3738; x_wconf 74' lang='lat' dir='ltr'>dorne</span> <span class='ocrx_word' id='word_1_340' title='bbox 518 3698 541 3738; x_wconf 81' lang='lat' dir='ltr'>et</span> <span class='ocrx_word' id='word_1_341' title='bbox 559 3687 665 3756; x_wconf 67' lang='lat' dir='ltr'>Suntne·</span> <span class='ocrx_word' id='word_1_342' title='bbox 680 3701 801 3757; x_wconf 75' lang='lat' dir='ltr'>aetates,</span> 
     </span>
     <span class='ocr_line' id='line_1_56' title="bbox 257 3767 802 3836; baseline 0.009 -19"><span class='ocrx_word' id='word_1_343' title='bbox 257 3767 387 3823; x_wconf 75' lang='lat' dir='ltr'>excellente</span> <span class='ocrx_word' id='word_1_344' title='bbox 403 3776 452 3824; x_wconf 80' lang='lat' dir='ltr'>turn</span> <span class='ocrx_word' id='word_1_345' title='bbox 473 3768 563 3820; x_wconf 77' lang='lat' dir='ltr'>Ornsso</span> <span class='ocrx_word' id='word_1_346' title='bbox 580 3779 604 3818; x_wconf 87' lang='lat' dir='ltr'>et</span> <span class='ocrx_word' id='word_1_347' title='bbox 618 3768 737 3832; x_wconf 82' lang='lat' dir='ltr'>Antonio,</span> <span class='ocrx_word' id='word_1_348' title='bbox 743 3781 802 3836; x_wconf 77' lang='lat' dir='ltr'>post</span> 
     </span>
     <span class='ocr_line' id='line_1_57' title="bbox 256 3848 803 3914; baseline -0.015 -6"><span class='ocrx_word' id='word_1_349' title='bbox 256 3848 332 3908; x_wconf 78' lang='lat' dir='ltr'>letto.</span> <span class='ocrx_word' id='word_1_350' title='bbox 368 3849 470 3904; x_wconf 69' lang='lat' dir='ltr'>Tacitus</span> <span class='ocrx_word' id='word_1_351' title='bbox 499 3850 584 3902; x_wconf 83' lang='lat' dir='ltr'>laudet</span> <span class='ocrx_word' id='word_1_352' title='bbox 617 3851 803 3914; x_wconf 70' lang='lat' dir='ltr'>conditionem,</span> 
     </span>
     <span class='ocr_line' id='line_1_58' title="bbox 254 3931 804 3998; baseline 0.004 -16"><span class='ocrx_word' id='word_1_353' title='bbox 254 3934 298 3996; x_wconf 83' lang='lat' dir='ltr'>qni</span> <span class='ocrx_word' id='word_1_354' title='bbox 323 3931 444 3998; x_wconf 79' lang='lat' dir='ltr'>occeperit</span> <span class='ocrx_word' id='word_1_355' title='bbox 468 3945 574 3986; x_wconf 79' lang='lat' dir='ltr'>uxorem</span> <span class='ocrx_word' id='word_1_356' title='bbox 598 3932 649 3985; x_wconf 80' lang='lat' dir='ltr'>inm</span> <span class='ocrx_word' id='word_1_357' title='bbox 672 3934 804 3987; x_wconf 82' lang='lat' dir='ltr'>eccnsnle</span> 
     </span>
     <span class='ocr_line' id='line_1_59' title="bbox 254 4012 804 4080; baseline 0 -14"><span class='ocrx_word' id='word_1_358' title='bbox 254 4016 411 4080; x_wconf 67' lang='lat' dir='ltr'>desponsam,</span> <span class='ocrx_word' id='word_1_359' title='bbox 438 4012 524 4080; x_wconf 79' lang='lat' dir='ltr'>Vulgo</span> <span class='ocrx_word' id='word_1_360' title='bbox 546 4013 738 4078; x_wconf 86' lang='lat' dir='ltr'>interpretantur</span> <span class='ocrx_word' id='word_1_361' title='bbox 756 4022 804 4068; x_wconf 86' lang='lat' dir='ltr'>rnn</span> 
     </span>
     <span class='ocr_line' id='line_1_60' title="bbox 255 4095 804 4162; baseline 0.007 -18"><span class='ocrx_word' id='word_1_362' title='bbox 255 4095 395 4160; x_wconf 80' lang='lat' dir='ltr'>significare</span> <span class='ocrx_word' id='word_1_363' title='bbox 423 4107 493 4162; x_wconf 84' lang='lat' dir='ltr'>spem</span> <span class='ocrx_word' id='word_1_364' title='bbox 521 4100 607 4160; x_wconf 80' lang='lat' dir='ltr'>postea</span> <span class='ocrx_word' id='word_1_365' title='bbox 631 4109 683 4144; x_wconf 89' lang='lat' dir='ltr'>non</span> <span class='ocrx_word' id='word_1_366' title='bbox 708 4095 804 4148; x_wconf 79' lang='lat' dir='ltr'>irritare</span> 
     </span>
     <span class='ocr_line' id='line_1_61' title="bbox 255 4175 757 4248; baseline -0.012 -19"><span class='ocrx_word' id='word_1_367' title='bbox 255 4177 348 4248; x_wconf 74' lang='lat' dir='ltr'>tuisse,</span> <span class='ocrx_word' id='word_1_368' title='bbox 359 4175 403 4226; x_wconf 81' lang='lat' dir='ltr'>elii</span> <span class='ocrx_word' id='word_1_369' title='bbox 421 4183 470 4227; x_wconf 80' lang='lat' dir='ltr'>inm</span> <span class='ocrx_word' id='word_1_370' title='bbox 484 4189 530 4244; x_wconf 83' lang='lat' dir='ltr'>pro</span> <span class='ocrx_word' id='word_1_371' title='bbox 547 4189 612 4242; x_wconf 81' lang='lat' dir='ltr'>quae</span> <span class='ocrx_word' id='word_1_372' title='bbox 628 4183 677 4226; x_wconf 80' lang='lat' dir='ltr'>tem</span> <span class='ocrx_word' id='word_1_373' title='bbox 694 4183 757 4229; x_wconf 85' lang='lat' dir='ltr'>erat.</span> 
     </span>
     <span class='ocr_line' id='line_1_62' title="bbox 291 4254 803 4322; baseline 0.004 -16"><span class='ocrx_word' id='word_1_374' title='bbox 291 4254 321 4310; x_wconf 91' lang='lat' dir='ltr'>In</span> <span class='ocrx_word' id='word_1_375' title='bbox 340 4255 544 4320; x_wconf 80' lang='lat' dir='ltr'>comparationem</span> <span class='ocrx_word' id='word_1_376' title='bbox 560 4271 643 4308; x_wconf 81' lang='lat' dir='ltr'>corne.</span> <span class='ocrx_word' id='word_1_377' title='bbox 680 4255 803 4322; x_wconf 72' lang='lat' dir='ltr'>Quodve·</span> 
     </span>
    </p>
   </div>
   <div class='ocr_carea' id='block_1_8' title="bbox 846 3525 1406 4320">
    <p class='ocr_par' dir='ltr' id='par_1_10' title="bbox 846 3525 1399 3594">
     <span class='ocr_line' id='line_1_63' title="bbox 846 3525 1399 3594; baseline 0.013 -19"><span class='ocrx_word' id='word_1_378' title='bbox 846 3525 1399 3594; x_wconf 79' lang='lat' dir='ltr'>neg.58.Toliqneplocetdarelinteacnrae.</span> 
     </span>
    </p>

    <p class='ocr_par' dir='ltr' id='par_1_11' title="bbox 846 3603 1406 4320">
     <span class='ocr_line' id='line_1_64' title="bbox 874 3603 1399 3676; baseline 0.023 -26"><span class='ocrx_word' id='word_1_379' title='bbox 874 3603 1014 3672; x_wconf 76' lang='lat' dir='ltr'>,Inqeniinn</span> <span class='ocrx_word' id='word_1_380' title='bbox 1041 3610 1127 3662; x_wconf 84' lang='lat' dir='ltr'>Verba</span> <span class='ocrx_word' id='word_1_381' title='bbox 1138 3609 1275 3676; x_wconf 65' lang='lat' dir='ltr'>inueniunt,</span> <span class='ocrx_word' id='word_1_382' title='bbox 1289 3611 1399 3675; x_wconf 75' lang='lat' dir='ltr'>inyenio·</span> 
     </span>
     <span class='ocr_line' id='line_1_65' title="bbox 847 3689 1400 3758; baseline 0.009 -20"><span class='ocrx_word' id='word_1_383' title='bbox 847 3705 902 3747; x_wconf 81' lang='lat' dir='ltr'>cns,</span> <span class='ocrx_word' id='word_1_384' title='bbox 932 3689 1055 3754; x_wconf 65' lang='lat' dir='ltr'>inuenisse</span> <span class='ocrx_word' id='word_1_385' title='bbox 1080 3703 1152 3756; x_wconf 81' lang='lat' dir='ltr'>saepe</span> <span class='ocrx_word' id='word_1_386' title='bbox 1177 3691 1210 3743; x_wconf 84' lang='lat' dir='ltr'>ed</span> <span class='ocrx_word' id='word_1_387' title='bbox 1234 3691 1400 3758; x_wconf 78' lang='lat' dir='ltr'>eloquentium</span> 
     </span>
     <span class='ocr_line' id='line_1_66' title="bbox 846 3769 1400 3840; baseline 0.011 -24"><span class='ocrx_word' id='word_1_388' title='bbox 846 3769 994 3824; x_wconf 74' lang='lat' dir='ltr'>nesciuntur.</span> <span class='ocrx_word' id='word_1_389' title='bbox 1029 3770 1080 3820; x_wconf 91' lang='lat' dir='ltr'>Hic</span> <span class='ocrx_word' id='word_1_390' title='bbox 1105 3785 1203 3836; x_wconf 85' lang='lat' dir='ltr'>quoque</span> <span class='ocrx_word' id='word_1_391' title='bbox 1226 3772 1329 3832; x_wconf 80' lang='lat' dir='ltr'>referri,</span> <span class='ocrx_word' id='word_1_392' title='bbox 1356 3789 1400 3840; x_wconf 80' lang='lat' dir='ltr'>ep·</span> 
     </span>
     <span class='ocr_line' id='line_1_67' title="bbox 847 3851 1401 3922; baseline 0.02 -25"><span class='ocrx_word' id='word_1_393' title='bbox 847 3855 930 3922; x_wconf 81' lang='lat' dir='ltr'>peret,</span> <span class='ocrx_word' id='word_1_394' title='bbox 947 3851 1006 3914; x_wconf 85' lang='lat' dir='ltr'>quin</span> <span class='ocrx_word' id='word_1_395' title='bbox 1021 3866 1083 3902; x_wconf 79' lang='lat' dir='ltr'>mox</span> <span class='ocrx_word' id='word_1_396' title='bbox 1099 3852 1159 3902; x_wconf 86' lang='lat' dir='ltr'>dicit</span> <span class='ocrx_word' id='word_1_397' title='bbox 1174 3851 1269 3914; x_wconf 83' lang='lat' dir='ltr'>priores</span> <span class='ocrx_word' id='word_1_398' title='bbox 1282 3852 1352 3910; x_wconf 77' lang='lat' dir='ltr'>idem</span> <span class='ocrx_word' id='word_1_399' title='bbox 1359 3868 1401 3907; x_wconf 70' lang='lat' dir='ltr'>at·</span> 
     </span>
     <span class='ocr_line' id='line_1_68' title="bbox 848 3930 1401 4000; baseline 0.009 -19"><span class='ocrx_word' id='word_1_400' title='bbox 848 3937 996 3994; x_wconf 63' lang='lat' dir='ltr'>numentum</span> <span class='ocrx_word' id='word_1_401' title='bbox 1012 3930 1150 3993; x_wconf 83' lang='lat' dir='ltr'>eloquentia</span> <span class='ocrx_word' id='word_1_402' title='bbox 1163 3931 1330 3996; x_wconf 81' lang='lat' dir='ltr'>percolnisse,</span> <span class='ocrx_word' id='word_1_403' title='bbox 1343 3935 1401 4000; x_wconf 74' lang='lat' dir='ltr'>,qut-</span> 
     </span>
     <span class='ocr_line' id='line_1_69' title="bbox 848 4011 1403 4078; baseline 0.004 -16"><span class='ocrx_word' id='word_1_404' title='bbox 848 4013 951 4062; x_wconf 89' lang='lat' dir='ltr'>buscum</span> <span class='ocrx_word' id='word_1_405' title='bbox 967 4027 1020 4063; x_wconf 89' lang='lat' dir='ltr'>non</span> <span class='ocrx_word' id='word_1_406' title='bbox 1035 4013 1089 4062; x_wconf 88' lang='lat' dir='ltr'>vult</span> <span class='ocrx_word' id='word_1_407' title='bbox 1105 4019 1199 4062; x_wconf 77' lang='lat' dir='ltr'>certare</span> <span class='ocrx_word' id='word_1_408' title='bbox 1215 4011 1326 4078; x_wconf 74' lang='lat' dir='ltr'>inqenio,</span> <span class='ocrx_word' id='word_1_409' title='bbox 1339 4015 1358 4066; x_wconf 86' lang='lat' dir='ltr'>i.</span> <span class='ocrx_word' id='word_1_410' title='bbox 1375 4028 1403 4066; x_wconf 79' lang='lat' dir='ltr'>e.</span> 
     </span>
     <span class='ocr_line' id='line_1_70' title="bbox 850 4092 1405 4156; baseline 0.004 -16"><span class='ocrx_word' id='word_1_411' title='bbox 850 4092 1003 4156; x_wconf 82' lang='lat' dir='ltr'>eloquentie,</span> <span class='ocrx_word' id='word_1_412' title='bbox 1029 4093 1153 4146; x_wconf 88' lang='lat' dir='ltr'>scribendi</span> <span class='ocrx_word' id='word_1_413' title='bbox 1170 4093 1304 4156; x_wconf 78' lang='lat' dir='ltr'>elegentin,</span> <span class='ocrx_word' id='word_1_414' title='bbox 1323 4095 1405 4154; x_wconf 84' lang='lat' dir='ltr'>Tales</span> 
     </span>
     <span class='ocr_line' id='line_1_71' title="bbox 849 4173 1405 4240; baseline 0.002 -19"><span class='ocrx_word' id='word_1_415' title='bbox 849 4178 920 4222; x_wconf 86' lang='lat' dir='ltr'>erent</span> <span class='ocrx_word' id='word_1_416' title='bbox 945 4173 1034 4222; x_wconf 83' lang='lat' dir='ltr'>Livius</span> <span class='ocrx_word' id='word_1_417' title='bbox 1059 4179 1084 4224; x_wconf 91' lang='lat' dir='ltr'>et</span> <span class='ocrx_word' id='word_1_418' title='bbox 1105 4173 1234 4233; x_wconf 81' lang='lat' dir='ltr'>Rusticus,</span> <span class='ocrx_word' id='word_1_419' title='bbox 1253 4173 1405 4240; x_wconf 72' lang='lat' dir='ltr'>eloquentie.</span> 
     </span>
     <span class='ocr_line' id='line_1_72' title="bbox 850 4252 1406 4320; baseline 0.004 -18"><span class='ocrx_word' id='word_1_420' title='bbox 850 4253 911 4304; x_wconf 82' lang='lat' dir='ltr'>st&#39;mt&#39;.</span> <span class='ocrx_word' id='word_1_421' title='bbox 946 4254 988 4304; x_wconf 83' lang='lat' dir='ltr'>In</span> <span class='ocrx_word' id='word_1_422' title='bbox 1012 4259 1037 4306; x_wconf 77' lang='lat' dir='ltr'>et</span> <span class='ocrx_word' id='word_1_423' title='bbox 1062 4255 1089 4306; x_wconf 84' lang='lat' dir='ltr'>in</span> <span class='ocrx_word' id='word_1_424' title='bbox 1110 4254 1128 4305; x_wconf 85' lang='lat' dir='ltr'>l.</span> <span class='ocrx_word' id='word_1_425' title='bbox 1145 4255 1163 4303; x_wconf 91' lang='lat' dir='ltr'>l.</span> <span class='ocrx_word' id='word_1_426' title='bbox 1185 4252 1284 4305; x_wconf 86' lang='lat' dir='ltr'>Ovidii:</span> <span class='ocrx_word' id='word_1_427' title='bbox 1302 4254 1406 4320; x_wconf 71' lang='lat' dir='ltr'>inytnt&#39;o</span> 
     </span>
    </p>
   </div>
   <div class='ocr_carea' id='block_1_9' title="bbox 257 4333 1407 4402">
    <p class='ocr_par' dir='ltr' id='par_1_12' title="bbox 257 4333 1407 4402">
     <span class='ocr_line' id='line_1_73' title="bbox 257 4333 1407 4402; baseline -0.001 -12"><span class='ocrx_word' id='word_1_428' title='bbox 257 4343 321 4390; x_wconf 87' lang='lat' dir='ltr'>teres</span> <span class='ocrx_word' id='word_1_429' title='bbox 346 4337 485 4390; x_wconf 80' lang='lat' dir='ltr'>scribebant</span> <span class='ocrx_word' id='word_1_430' title='bbox 506 4343 534 4390; x_wconf 89' lang='lat' dir='ltr'>ut</span> <span class='ocrx_word' id='word_1_431' title='bbox 551 4339 664 4398; x_wconf 86' lang='lat' dir='ltr'>ederent,</span> <span class='ocrx_word' id='word_1_432' title='bbox 681 4337 805 4397; x_wconf 74' lang='lat' dir='ltr'>faciebant</span> <span class='ocrx_word' id='word_1_433' title='bbox 847 4333 923 4402; x_wconf 79' lang='lat' dir='ltr'>perii.</span> <span class='ocrx_word' id='word_1_434' title='bbox 949 4334 1026 4384; x_wconf 83' lang='lat' dir='ltr'>Liber</span> <span class='ocrx_word' id='word_1_435' title='bbox 1042 4334 1074 4390; x_wconf 81' lang='lat' dir='ltr'>de</span> <span class='ocrx_word' id='word_1_436' title='bbox 1087 4341 1139 4386; x_wconf 81' lang='lat' dir='ltr'>erte</span> <span class='ocrx_word' id='word_1_437' title='bbox 1158 4334 1292 4393; x_wconf 66' lang='lat' dir='ltr'>Amatoria</span> <span class='ocrx_word' id='word_1_438' title='bbox 1308 4335 1407 4392; x_wconf 77' lang='lat' dir='ltr'>infelix</span> 
     </span>
    </p>
   </div>
   <div class='ocr_carea' id='block_1_10' title="bbox 258 4419 804 4484">
    <p class='ocr_par' dir='ltr' id='par_1_13' title="bbox 258 4419 804 4484">
     <span class='ocr_line' id='line_1_74' title="bbox 258 4419 804 4484; baseline -0.007 -12"><span class='ocrx_word' id='word_1_439' title='bbox 258 4423 351 4480; x_wconf 64' lang='lat' dir='ltr'>quanto</span> <span class='ocrx_word' id='word_1_440' title='bbox 376 4419 488 4470; x_wconf 72' lang='lat' dir='ltr'>maximo</span> <span class='ocrx_word' id='word_1_441' title='bbox 511 4425 612 4484; x_wconf 88' lang='lat' dir='ltr'>possent</span> <span class='ocrx_word' id='word_1_442' title='bbox 636 4419 732 4478; x_wconf 88' lang='lat' dir='ltr'>studio,</span> <span class='ocrx_word' id='word_1_443' title='bbox 750 4419 804 4472; x_wconf 89' lang='lat' dir='ltr'>dili·</span> 
     </span>
    </p>
   </div>
   <div class='ocr_carea' id='block_1_11' title="bbox 850 4415 1411 4478">
    <p class='ocr_par' dir='ltr' id='par_1_14' title="bbox 850 4415 1411 4478">
     <span class='ocr_line' id='line_1_75' title="bbox 850 4415 1411 4478; baseline 0.009 -12"><span class='ocrx_word' id='word_1_444' title='bbox 850 4416 888 4466; x_wconf 90' lang='lat' dir='ltr'>illi</span> <span class='ocrx_word' id='word_1_445' title='bbox 904 4431 978 4474; x_wconf 74' lang='lat' dir='ltr'>cnon,</span> <span class='ocrx_word' id='word_1_446' title='bbox 995 4429 1068 4478; x_wconf 84' lang='lat' dir='ltr'>opus,</span> <span class='ocrx_word' id='word_1_447' title='bbox 1086 4416 1168 4476; x_wconf 83' lang='lat' dir='ltr'>leber,</span> <span class='ocrx_word' id='word_1_448' title='bbox 1185 4416 1248 4466; x_wconf 89' lang='lat' dir='ltr'>liber</span> <span class='ocrx_word' id='word_1_449' title='bbox 1264 4415 1328 4478; x_wconf 82' lang='lat' dir='ltr'>tuit,</span> <span class='ocrx_word' id='word_1_450' title='bbox 1343 4431 1411 4470; x_wconf 80' lang='lat' dir='ltr'>eum</span> 
     </span>
    </p>
   </div>
   <div class='ocr_carea' id='block_1_12' title="bbox 0 0 1589 5300">
    <p class='ocr_par' dir='ltr' id='par_1_15' title="bbox 0 0 1589 5300">
     <span class='ocr_line' id='line_1_76' title="bbox 0 0 1589 5300; baseline 0 0"><span class='ocrx_word' id='word_1_451' title='bbox 0 0 1589 5300; x_wconf 95' lang='lat' dir='ltr'> </span> 
     </span>
    </p>
   </div>
  </div>
 </body>
</html>
