3130 5308
270 518 333 580 144
711 519 867 570 castren
891 519 1001 568 resurr

271 697 456 791 agminibus,
472 707 504 762 et
527 688 746 779 inaequalibus
769 686 846 752 locis
867 685 1062 768 haerebunt3
1088 688 1283 778 minimeque
1306 709 1417 780 neque

270 805 385 872 nostris
406 823 443 870 ec
466 800 529 866 ism
552 817 677 886 pugnae
700 793 796 859 scoies
824 802 911 869 eret,
940 816 1040 880 quum
1064 815 1158 882 segre
1181 794 1261 862 clivo
1281 794 1414 862 adsim.

272 1039 327 1090 sine
351 1036 439 1086 ordine
457 1032 508 1084 fnit
527 1035 650 1096 pugnetur
675 1029 720 1078 sed
737 1040 818 1092 neque
864 1031 936 1090 xius,
961 1030 1049 1080 eodem
1069 1027 1122 1080 fers
1137 1028 1214 1079 modo
1228 1027 1289 1078 binc
1307 1041 1414 1079 sensnm

272 1117 395 1182 Agricola
417 1115 506 1166 'recito
521 1119 575 1164 tem
590 1112 644 1162 sine
661 1110 749 1160 ordIne
761 1123 817 1158 usr-
864 1113 959 1162 effioere
982 1115 1065 1178 conati
1082 1105 1153 1171 suit,
1177 1111 1307 1163 intellectu
1322 1116 1413 1160 mmen

270 1214 339 1260 rere,
356 1211 403 1249 nec
430 1195 532 1245 Tacitus
554 1192 705 1258 perscribere
728 1190 817 1254 potuit.
863 1194 930 1243 baud
947 1208 1006 1244 sune
1022 1193 1129 1244 facilem.
1148 1191 1233 1241 Aliter
1240 1191 1414 1255 Lipsius,ali·

270 1279 364 1330 Omnis
388 1283 447 1326 sunt
469 1273 586 1333 confuse,
612 1272 768 1336 perturbsts,
793 1277 817 1320 et
863 1281 900 1323 ter
923 1273 1079 1335 Gronovius,
1105 1273 1178 1322 sliter
1200 1273 1327 1321 Ernestus.
1357 1271 1413 1320 Ta·

271 1362 382 1411 obscura.
399 1359 437 1408 Ut
449 1357 559 1420 uliqusm
572 1353 661 1403 saltem
677 1352 817 1414 intelligen-
863 1356 926 1405 citus
941 1361 995 1404 tum
1010 1357 1114 1404 obscure
1130 1365 1230 1402 numere
1246 1367 1298 1401 non
1313 1351 1413 1416 potuit,

271 1439 428 1504 disputem
443 1437 629 1492 nanciscamur,
656 1433 723 1482 edidi
739 1440 765 1483 et
780 1435 817 1482 in·
863 1442 890 1486 ut
906 1436 1042 1486 divinando
1054 1435 1153 1500 assequi
1163 1447 1328 1498 nequeamus,
1344 1447 1414 1497 queo

271 1525 420 1584 terpretetur
439 1533 509 1578 sm,
524 1522 554 1566 ut
570 1513 682 1564 K1itnius
694 1513 760 1564 lecit.
786 1513 817 1562 In
862 1533 969 1583 qnorum
987 1517 1099 1580 equitum
1115 1523 1226 1576 turmae,
1248 1529 1356 1579 quornm
1368 1527 1413 1578 μ.

271 1601 355 1650 Vstic.
374 1599 481 1664 equitum
494 1605 588 1647 turmae
598 1581 685 1661 supe.-
709 1592 818 1644 covinna-
863 1601 944 1650 ditum
967 1599 1061 1662 proelio
1083 1611 1110 1647 se
1131 1595 1324 1654 immiscuerint,
1349 1595 1414 1658 quid

271 1680 424 1746 riipeds'tum
440 1685 519 1730 etost.
544 1673 580 1726 Ut
593 1678 636 1726 rel
648 1676 690 1726 ubi
698 1675 819 1726 excidisse
857 1677 946 1745 sucin
958 1693 1057 1745 pupruce
1073 1676 1205 1740 equestris,
1229 1677 1290 1740 quid
1301 1669 1413 1740 supere,

272 1760 336 1812 vidit
350 1761 517 1811 Doederlinus
535 1767 561 1810 et
576 1761 709 1820 Halmius,
725 1759 819 1824 quieti·
864 1775 928 1824 quse
944 1761 1042 1826 cymino
1058 1757 1172 1817 bostium,
1188 1763 1278 1807 cetera.
1294 1757 1414 1806 Fortunae

273 1856 316 1892 sm
331 1841 558 1905 interpunctionem
575 1844 746 1892 smendsrunt
864 1841 960 1891 librerii
971 1847 1068 1890 rectum
1082 1841 1217 1890 verborum
1233 1839 1348 1887 ordinem
1359 1843 1414 1886 tur·

305 1921 432 1974 Peditum.
458 1921 560 1972 Scilicet
575 1921 749 1972 Ramcnorum.
865 1923 969 1981 burunt,
992 1935 1056 1984 quse
1077 1921 1226 1984 nsnsposits
1249 1919 1336 1982 psnllo
1359 1931 1414 1967 rne-

305 2002 343 2055 Es
359 2019 505 2068 quamquam
519 2011 636 2052 recentem
652 2010 769 2052 terrerem
784 2001 819 2050 r'n·
865 2003 914 2052 lius
931 2001 1117 2064 intelligentur:
1134 1997 1238 2050 Inters'm
1245 1999 1353 2063 equitum
1360 2005 1416 2047 tur·

275 2083 393 2134 tulerant.
417 2085 452 2134 Et
475 2099 628 2150 quemquem
644 2083 771 2150 inopinata
790 2098 821 2132 ac
865 2099 918 2132 mae
936 2083 1064 2148 supauere
1080 2081 1247 2138 covinnarius·
1269 2080 1417 2142 muneque

275 2165 401 2229 repentino
414 2165 505 2231 impetu
517 2166 654 2214 Britannos
667 2170 819 2224 terruerunt,
867 2164 990 2228 equestris
1014 2178 1045 2212 en
1062 2178 1162 2228 pupnce
1171 2161 1260 2226 sactes
1276 2169 1339 2210 erat.
1370 2157 1417 2210 Oo-

273 2251 358 2294 tamon
372 2245 457 2308 stipsi
471 2245 629 2310 aliquantum
643 2247 821 2304 turbabantur,
868 2245 977 2295 uimrnrii
998 2245 1110 2310 peditum
1125 2259 1152 2292 se
1165 2242 1261 2308 proclia
1276 2242 1417 2292 miscuere:

274 2327 302 2376 in
318 2327 396 2376 dense
409 2325 520 2376 hostium
537 2327 639 2390 agmine
652 2326 789 2375 incidentes
797 2332 823 2376 st
866 2335 891 2376 et
907 2341 1051 2390 quemquam
1063 2333 1181 2374 recentem
1195 2332 1310 2373 terrorem
1325 2321 1419 2370 intule-

275 2408 449 2474 ineequslibus
465 2408 525 2458 locis
539 2408 661 2470 impediti.
867 2415 939 2466 runt,
964 2421 1036 2469 quum
1058 2420 1132 2470 seqre
1153 2405 1214 2455 cliuo
1233 2403 1361 2452 adstantes
1382 2401 1420 2450 si-

309 2487 460 2553 Minimeque
473 2505 554 2553 aequa
566 2489 658 2538 nostris
672 2503 703 2536 ea
716 2488 765 2538 iam
775 2505 822 2553 pu·
867 2487 916 2536 mul
931 2502 1046 2551 equorum
1062 2486 1204 2550 corporibus
1218 2483 1420 2550 impellerentur,

275 2583 339 2631 punc
351 2571 518 2633 saciesmrat.
545 2571 628 2620 Vstic.
646 2556 739 2635 mleque
753 2585 821 2632 eque·
868 2584 898 2618 ac
918 2584 991 2632 saepe
1007 2583 1113 2625 currus,
1138 2565 1251 2616 exterriti
1267 2566 1318 2614 sine
1335 2571 1418 2614 recta·

275 2655 351 2708 stres,
369 2649 741 2714 eacnimpupnaeface'escrut.
756 2651 821 2700 Rhe·
866 2649 934 2698 ribus
955 2648 1025 2712 equi,
1050 2656 1078 2697 ut
1101 2663 1214 2711 quemque
1225 2643 1338 2711 famido
1354 2644 1415 2694 tule-

275 2744 356 2780 nanus
372 2729 511 2793 minimeque
527 2733 649 2794 equestris
670 2749 700 2780 ea
712 2749 741 2797 p.
752 2733 782 2794 s.
800 2747 821 2780 e.
867 2737 923 2788 rat,
956 2737 1106 2778 transuersos
1128 2737 1173 2777 ant
1197 2728 1277 2777 obuios
1302 2727 1413 2775 incursa·

276 2811 400 2862 Pulmonis
423 2811 511 2864 Wexii
527 2818 565 2861 cst
584 2814 724 2862 emendatio
741 2827 821 2875 aequa
866 2817 935 2868 rent,
960 2809 1040 2860 densis
1059 2817 1137 2858 tamen
1157 2809 1261 2858 hostium
1277 2806 1414 2871 aqmr'ne'bus

275 2891 643 2956 nastrisiam,qunmits.seeuti
650 2899 820 2956 sumunutea,
868 2898 891 2938 et
907 2889 1076 2953 inaequalibus
1089 2889 1149 2939 locis
1161 2889 1300 2939 tumebant.
1318 2889 1414 2952 Exsu

273 2973 520 3038 qnodinoodd.ost,
537 2975 707 3024 retineremus.
727 2974 821 3024 Sensus
865 2987 895 3034 pe
919 2971 967 3020 feci
986 2974 1125 3036 supauerc,
1157 2973 1252 3031 delevi,
1277 2971 1345 3034 quod
1360 2970 1414 3018 iem

275 3055 326 3104 loci
335 3061 385 3105 estc
403 3057 512 3104 adventu
520 3056 632 3117 equitum
641 3057 821 3115 Romanorum,
867 3050 1004 3102 Rhenanus
1027 3051 1132 3112 feceret,
1157 3051 1230 3111 enim,
1260 3051 1358 3100 mutari
1376 3050 1413 3098 in-

274 3135 387 3196 peditum
400 3135 494 3197 proelio
506 3149 533 3185 se
549 3136 755 3196 bumiscentium,
777 3151 820 3184 no·
867 3134 1030 3183 causabamin
1039 3134 1202 3183 incursarent.
1218 3133 1337 3192 Interim,
1350 3133 1413 3182 dum

276 3220 327 3262 stre
344 3213 408 3261 ecies
425 3215 477 3262 ism
491 3215 577 3265 lubere
590 3218 678 3280 coepit.
865 3215 961 3277 pedites
977 3229 1035 3264 cum
1050 3216 1174 3278 peditibus
1190 3215 1347 3278 pugnabant,
1362 3213 1414 3262 tris

309 3290 393 3357 Aeque
415 3293 477 3342 eliae
500 3293 635 3346 adstantes.
662 3296 745 3346 Vatic.
763 3311 822 3360 epra
866 3295 947 3344 millis
963 3296 1075 3358 equitnm
1088 3296 1272 3354 Romanorum,
1289 3297 1320 3343 sb
1335 3292 1413 3358 Agri·

276 3373 318 3424 diu
342 3383 387 3426 aut
408 3382 495 3424 stante.
531 3375 660 3428 Broterius
681 3390 756 3441 aspre
779 3375 821 3424 diu
868 3376 923 3425 cola
938 3377 1054 3426 cornibus
1069 3375 1162 3434 effosa,
1177 3375 1354 3440 aggrediuntur
1370 3387 1413 3424 co-

276 3469 379 3512 stantes.
398 3462 471 3512 Bene
488 3460 630 3510 emendarit
644 3459 766 3508 Trillerue
780 3456 821 3506 cli·
867 3457 1008 3517 vinnerios,
1025 3457 1069 3521 qui
1085 3459 1188 3521 strepitu
1205 3463 1230 3507 et
1240 3457 1351 3505 discursu
1358 3469 1414 3504 me·

275 3556 304 3590 vo
320 3556 365 3604 pro
378 3541 437 3602 diu,
454 3543 504 3592 nisi
519 3543 751 3607 quodprostantes
764 3539 821 3588 scri-
868 3538 909 3586 diu
936 3539 1018 3602 campi
1042 3539 1207 3602 complebunt.
1233 3539 1272 3586 Es
1294 3550 1334 3586 res
1358 3551 1414 3585 non

276 3619 387 3668 bendum
411 3620 545 3670 adstantes.
585 3623 653 3672 Num
675 3637 752 3686 quum
778 3621 821 3669 ho·
867 3621 999 3680 gerebatur
1012 3633 1189 3684 morepugnse
1197 3619 1324 3682 equestris.
1343 3617 1413 3666 Nem

276 3699 353 3748 stium
368 3701 481 3750 maxime
499 3717 556 3764 pers
573 3715 617 3764 per
635 3701 726 3751 acclive
741 3701 822 3765 iuqum
867 3699 1005 3749 covmnsrii
1017 3702 1171 3765 praelientur
1178 3715 1265 3758 curru,
1278 3698 1412 3756 desiliunt,

276 3779 428 3842 insurgeret,
452 3781 478 3829 in
501 3782 586 3830 oculos
604 3783 708 3832 incurrit
730 3781 820 3830 Rome-
867 3786 892 3830 et
912 3781 976 3830 finnt
997 3783 1101 3844 pedites.
1128 3781 1220 3844 Fugsti
1240 3794 1306 3828 nunc
1323 3793 1351 3829 se
1366 3779 1413 3828 im·

276 3875 335 3922 nos,
361 3860 405 3923 qni
421 3860 480 3914 illos
497 3863 685 3926 aggrederetur,
708 3877 759 3911 non
776 3870 821 3910 ste·
866 3859 972 3909 miscent
992 3863 1087 3924 proelio
1104 3863 1217 3926 peditum
1232 3862 1413 3909 Britannorum

277 3940 335 3990 iisse
350 3939 376 3990 in
392 3939 468 4001 elluo,
488 3945 532 3992 sed
548 3941 685 3992 adstitisse.
704 3941 778 4003 Quod
787 3943 821 4006 ip·
867 3947 954 3991 contre
976 3950 1031 3993 octo
1047 3944 1128 3993 millis
1144 3942 1309 4000 auxiliorum,
1326 3942 1413 3990 cobor-

276 4037 332 4074 sum
350 4037 427 4086 quum
441 4038 515 4087 aspre
530 4023 651 4082 fecerent,
668 4024 822 4088 insuperim·
867 4031 904 4074 tes
913 4024 1035 4084 Butsvss,
1048 4024 1178 4088 impres,
1193 4021 1345 4081 Germanas,
1354 4021 1413 4072 Gel·

276 4104 363 4154 mixtis
381 4103 504 4168 equitibus
519 4104 569 4152 suis
583 4102 782 4170 impellebantur,
794 4112 822 4155 ut
867 4106 912 4154 les.
939 4105 989 4154 His
1013 4105 1125 4154 inierunt
1148 4112 1269 4154 terrorem
1288 4103 1415 4152 subitost

277 4187 361 4237 locum
382 4192 468 4236 tenere
487 4186 532 4235 vix
548 4192 656 4249 possent.
686 4184 823 4236 Continent
867 4187 968 4235 insolito
982 4187 1084 4250 impetu.
1100 4187 1154 4236 Nec
1170 4189 1271 4236 mirum.
1293 4185 1361 4234 Num
1374 4198 1415 4234 co-

276 4267 353 4331 igitur
366 4267 428 4318 haec
442 4269 519 4318 verbe
532 4281 658 4327 cunnum,
672 4282 715 4318 cur
729 4269 823 4318 minime
868 4270 951 4318 bortes
980 4283 1007 4319 se
1037 4269 1063 4318 in
1089 4275 1202 4319 montem
1226 4269 1322 4330 erigere
1341 4265 1416 4314 debe

277 4361 370 4410 aequae
393 4349 483 4399 nostris
507 4365 537 4398 ea
559 4348 607 4398 iam
625 4364 724 4414 papnne
735 4350 825 4414 facies
869 4349 941 4409 bunt,
959 4362 988 4399 ec
1003 4355 1133 4414 propterea
1148 4362 1222 4410 segre
1239 4347 1351 4405 stabunt,
1369 4345 1416 4394 im·

278 4437 349 4478 esset.
376 4428 558 4492 SieKrituius‚
577 4435 675 4483 stante
693 4445 750 4482 eum
766 4433 823 4485 We·
869 4431 1023 4494 pellebantur
1051 4445 1150 4495 quoqne
1175 4429 1317 4493 corporibus
1341 4440 1417 4494 equo·
