3134 5310
632 541 809 592 lantsoni.
1261 535 1303 598 ts

158 711 233 776 fuit.
284 707 500 797 Vixeruntque
535 712 613 776 mira
646 714 813 780 concordia
841 737 897 805 per
920 727 1063 781 mutuam
1087 718 1250 785 caritatem
1270 735 1302 787 et

158 817 299 882 invicem
335 838 367 879 se
391 816 631 903 anteponendo,
657 819 716 882 nisi
739 819 823 907 quod
846 821 880 884 in
903 820 984 885 bons
1011 843 1104 888 uxore
1127 835 1216 890 tento
1238 849 1302 893 ins-

160 1055 212 1104 sibe‘
237 1053 334 1110 timuit,⁸
360 1053 520 1117 vixeruntque
536 1056 600 1104 mira
617 1071 712 1105 concor·
758 1073 773 1106 a
797 1059 910 1118 librario,
941 1062 984 1125 qui
1009 1061 1141 1112 coniuncta
1165 1055 1215 1114 nisi
1239 1063 1305 1128 quod

163 1135 210 1184 diu
236 1142 280 1186 cet.
316 1135 357 1184 Ita
382 1137 466 1185 statim
492 1143 592 1200 apparet
609 1138 712 1200 Agrico·
758 1140 899 1202 saepissime
924 1141 950 1188 in
977 1143 1072 1204 scriptis
1099 1145 1181 1194 Taciti
1196 1146 1304 1209 legerat,

162 1219 217 1266 lem
241 1217 304 1265 illud
328 1217 515 1266 matrimonium
540 1219 637 1278 iniisse,
661 1236 712 1268 non
758 1221 868 1284 adeoque
894 1227 918 1269 et
942 1222 984 1270 hic
1007 1224 1100 1286 requiri
1115 1228 1224 1288 putabat
1260 1229 1303 1278 In·

161 1298 313 1356 ambitione,
329 1299 372 1345 sed
389 1311 480 1357 amore,
497 1300 608 1347 castitate
626 1300 728 1364 aliisque
757 1302 892 1364 telligimus
917 1303 1017 1351 saltem:
1040 1318 1088 1367 per
1112 1314 1218 1354 metuam
1241 1309 1305 1356 cari·

160 1379 297 1428 virtutibus
313 1377 465 1427 Decidianae
481 1379 590 1428 ductum.
758 1391 832 1430 tatem
849 1391 873 1430 et
889 1383 989 1432 inuicem
1006 1397 1032 1430 se
1049 1383 1229 1446 anteponendo:
1240 1387 1306 1450 quod

199 1457 256 1508 Per
272 1467 375 1506 mamam
391 1459 520 1508 caritatem
537 1469 561 1508 ei
577 1461 713 1510 invicemee
757 1463 783 1512 in
799 1463 860 1511 bona
876 1479 952 1511 urere
969 1471 1037 1512 tanto
1050 1463 1203 1525 maiorisue,
1213 1478 1305 1531 quanto

162 1538 339 1603 anteponendo.
354 1539 406 1588 Hic
415 1540 537 1588 ablativus
545 1541 712 1605 anteponendo
757 1543 782 1591 in
806 1543 872 1592 mula
894 1543 954 1608 plus
971 1543 1059 1608 captae
1075 1553 1120 1594 esi.
1137 1547 1253 1598 Fortasse
1269 1559 1304 1600 tn·

161 1627 217 1670 erat
250 1621 416 1678 necessarius,
446 1621 505 1683 quia
528 1636 580 1669 non
605 1622 712 1671 habebat
756 1637 815 1672 men
840 1623 889 1672 uisi
908 1631 1005 1686 poterat
1020 1626 1126 1685 servan,
1144 1632 1168 1676 et
1184 1629 1253 1679 locus
1270 1633 1305 1680 sio

161 1703 359 1760 substantivum,
384 1701 451 1764 quod
476 1702 564 1750 eodem
580 1717 638 1750 casu
655 1718 713 1751 cum
757 1705 877 1767 distingui
894 1712 918 1754 et
931 1706 1305 1771 explicarizvirernntquenn‘ru

162 1783 291 1832 ceritatem
317 1784 516 1844 coniungeretur.
551 1782 653 1831 Tacitus
677 1789 712 1831 ta·
758 1785 900 1846 concordie,
925 1802 973 1850 per
998 1795 1105 1835 mutuum
1130 1788 1258 1839 caritatem
1280 1801 1305 1841 et

161 1877 221 1912 men
246 1870 272 1912 et
296 1865 340 1912 alii
362 1865 437 1912 etiam
454 1871 526 1914 extra
541 1864 713 1912 necessitatem
757 1865 857 1914 inuicem
880 1881 906 1912 se
930 1867 1096 1930 anteponendo
1119 1868 1167 1917 nisi
1170 1890 1180 1924 ;
1199 1870 1265 1932 quod
1279 1871 1305 1921 in

162 1945 197 1992 sic
222 1945 371 2007 loquuntur,
396 1953 424 1993 ut
449 1946 477 1993 in
499 1944 587 2007 Agric.
605 1949 645 1992 41.
668 1941 712 1991 Te·
757 1946 819 1994 bonu
843 1962 919 1994 uxore
945 1955 1012 1995 tanto
1033 1947 1196 2010 maiorisue,
1215 1961 1305 2014 quanto

161 2025 374 2089 meriteteuutper
383 2026 578 2090 ipunviam.Liv.
586 2024 713 2073 XXXIX
758 2026 784 2074 in
808 2025 874 2074 maia
896 2025 956 2089 plus
981 2027 1069 2091 culpae
1092 2037 1136 2078 eei.
1177 2030 1305 2081 Vixerunt

163 2109 188 2154 8.
215 2103 301 2154 Malta
323 2105 391 2164 dolo,
406 2105 529 2170 pleraque
542 2122 591 2170 per
607 2105 654 2153 vim
671 2121 713 2152 oe-
758 2107 822 2155 mira
839 2107 977 2155 concordie.
1013 2109 1104 2158 Mutuo
1120 2111 1188 2160 enim
1205 2127 1305 2163 seems·

163 2185 291 2234 &baninu
328 2187 450 2235 Formuls
473 2189 532 2236 satie
557 2203 572 2235 a
594 2187 654 2234 viris
671 2188 712 2234 dc·

163 2269 209 2318 ctis
234 2267 360 2331 explicata
385 2273 430 2316 est.
449 2268 545 2330 Astigi,
562 2272 662 2330 propter
678 2281 713 2315 se·

163 2350 273 2414 quentia.

196 2429 261 2480 Nisi
278 2427 345 2492 quod
360 2428 385 2476 in
402 2429 463 2478 bona
477 2446 560 2478 uxore.
587 2429 713 2478 Haecfor·

163 2517 234 2566 mula
246 2515 348 2577 corrigit
354 2513 448 2576 aliquid
453 2527 486 2561 ex
496 2510 651 2560 antecedenti
659 2524 712 2558 sen-

758 2187 826 2234 baut.
861 2185 999 2236 Decidianu
1024 2190 1182 2253 Agricolam,
1200 2194 1305 2258 Agrico·

759 2268 784 2316 la
808 2266 972 2318 Decidianam
996 2271 1044 2320 sibi
1060 2276 1233 2336 anteponebat.
1253 2275 1305 2326 Sed

758 2349 797 2397 vir
821 2349 917 2398 interea
937 2366 988 2399 non
1006 2360 1058 2402 erat
1074 2356 1185 2404 uxorius.
1220 2357 1304 2407 Habe·

759 2430 801 2478 bct
817 2431 885 2480 enim
893 2433 1026 2495 coniugem
1034 2435 1133 2483 bonam.
1169 2437 1304 2486 lbmvero

758 2511 846 2559 caritas
876 2512 959 2560 mariti
987 2519 1058 2561 tanta
1082 2529 1135 2563 esse
1159 2524 1252 2578 potest,
1277 2525 1305 2567 ut

163 2597 254 2646 tentia.
279 2595 356 2644 Multi
380 2595 461 2642 multe.
477 2593 665 2656 disputaverunt
682 2592 714 2639 ed
758 2606 864 2640 uxorem
889 2593 915 2639 in
941 2594 1026 2642 multis
1050 2596 1123 2644 rebus
1140 2598 1187 2646 sibi
1204 2606 1304 2663 autepo-

164 2691 221 2727 eam
247 2677 433 2740 explicandam,
459 2675 486 2722 iu
512 2672 713 2722 annotationibus
759 2679 815 2731 nst,
841 2679 865 2721 et
889 2687 947 2723 cum
972 2689 1001 2723 ea
1025 2683 1113 2737 certet,
1139 2679 1218 2727 utrius
1235 2695 1305 2730 amor

162 2761 195 2808 ed
229 2757 390 2816 Sallustium,
415 2755 573 2814 Ciceronem,
597 2754 711 2811 Livium,
758 2755 848 2802 vineat.
882 2755 923 2803 Ita
938 2756 1027 2805 caritas
1044 2763 1097 2806 tam
1112 2758 1237 2808 laudanda
1253 2769 1303 2820 est,

163 2841 294 2897 Tacitum,
320 2839 361 2887 cui
384 2838 529 2900 praesertim
555 2841 592 2884 est
608 2834 712 2882 familia
757 2849 832 2897 quam
857 2836 992 2899 culpanda,
1019 2838 1039 2885 si
1064 2838 1190 2888 habuisset
1211 2843 1304 2891 mulum

161 2921 211 2979 ris,
229 2921 261 2968 ad
278 2919 353 2977 alios,
371 2925 396 2968 et
411 2919 463 2967 iam
481 2915 711 2966 esanburnam·
757 2931 875 2976 uxorem,
901 2932 958 2968 cum
974 2919 1119 2980 praesertim
1134 2935 1253 2983 magnam
1268 2923 1304 2971 vi·

160 3001 225 3065 prid.
244 3003 275 3050 de
294 2998 354 3048 Vita
371 2999 459 3049 Severi
472 3003 496 3046 2.
506 2997 638 3059 Ratioqua
652 2995 712 3057 quid
758 3004 796 3045 tae
821 3003 917 3061 partem
938 2999 964 3046 in
981 2999 1115 3060 provinciis
1131 3001 1244 3062 degeret,
1261 3003 1306 3050 ubi

160 3097 195 3133 ex
227 3081 386 3132 antecedenti
400 3079 523 3129 sententia
539 3076 713 3138 corrigendum
757 3076 874 3125 mulieres
898 3078 1022 3136 aviditati,
1048 3079 1131 3137 luxui,
1150 3079 1253 3143 aliisque
1269 3083 1304 3131 vi-

161 3164 265 3212 videtur
297 3162 369 3209 valde
397 3160 488 3210 differt.
523 3156 713 3219 simplicissima
757 3156 798 3204 tiis
824 3156 896 3205 facile
920 3158 1049 3221 indulgere
1074 3165 1201 3222 poterant,
1225 3168 1250 3211 et
1267 3164 1303 3212 in·

162 3249 202 3292 est
227 3255 254 3291 r.
271 3257 293 3289 c.
321 3235 712 3290 Annal.111.68.Eademce-
757 3237 900 3299 dulgebant.
935 3238 1064 3288 Vixerunt
1080 3240 1156 3304 igitur
1172 3242 1237 3292 mira
1251 3259 1303 3294 con-

161 3324 219 3382 teri,
234 3323 286 3371 nisi
301 3321 367 3384 quod
380 3320 500 3370 Muluius
516 3319 597 3368 dixit.-
615 3324 712 3381 preeter
757 3318 856 3378 cordia,
873 3326 950 3383 utque
965 3321 1095 3380 viverent,
1111 3321 1249 3372 nitebantur
1254 3341 1303 3390 per

161 3404 316 3460 Lentulum,
347 3409 464 3464 excepto,
495 3401 563 3464 quod
589 3399 712 3448 Lentulus
758 3401 886 3449 caritatem
910 3408 1016 3449 mutuam
1041 3410 1063 3449 et
1080 3402 1180 3451 invicem
1193 3419 1219 3452 ee
1234 3409 1301 3453 ante-

160 3486 266 3534 dicebut.
291 3483 357 3532 Sunt
373 3483 488 3545 exempla
496 3481 642 3539 difficiliora,
650 3496 711 3528 non·
754 3479 878 3545 ponendo,
903 3482 939 3529 ita
963 3482 1092 3539 vixerunt,
1117 3482 1167 3530 nisi
1181 3497 1225 3545 per
1242 3485 1302 3533 cari-

160 3567 232 3616 nulla
247 3564 407 3621 difficillima,
427 3563 487 3621 hoc,
505 3563 631 3618 omnium,
648 3575 711 3624 quae
756 3568 833 3610 tatem
862 3567 887 3609 et
911 3561 1092 3622 anteponendo.
1133 3561 1184 3622 Qui
1208 3563 1250 3612 hic
1275 3565 1302 3614 in

160 3647 226 3704 vidi,
239 3645 422 3695 difficillimum.
440 3645 521 3707 Igitur
537 3643 711 3704 interpretibus
758 3641 846 3689 Tacito
870 3641 945 3690 vicies
968 3647 992 3689 et
1009 3642 1105 3704 saepius
1122 3644 1236 3707 legerunt
1253 3648 1303 3697 nisi

161 3729 266 3777 minime
282 3725 412 3784 convenit,
431 3727 542 3788 adquae
558 3724 710 3771 verbanun-
757 3719 834 3783 quod,
863 3719 901 3770 illi
931 3722 1065 3784 scripturae
1086 3724 1127 3774 isti
1152 3727 1187 3775 ita
1211 3730 1302 3778 assueti

160 3809 215 3858 tiati
232 3808 348 3870 exceptio
365 3808 397 3856 sit
413 3806 555 3862 referenda,
573 3805 605 3852 ud
620 3803 711 3851 miram
757 3809 826 3861 sunt,
843 3809 871 3850 ut
889 3818 1017 3866 nunquam
1034 3805 1101 3854 aliud
1117 3807 1202 3856 videre
1217 3817 1301 3873 potue·

161 3887 326 3946 concordiam,
345 3889 377 3936 sd
393 3886 492 3935 invicem
501 3901 527 3934 se
535 3883 718 3950 anteponendo‚'
756 3883 814 3930 rint.
850 3883 901 3943 Qui
923 3899 990 3932 nunc
1006 3887 1093 3934 vident
1107 3903 1155 3950 per
1172 3891 1301 3939 caritatem

161 3984 193 4018 an
220 3969 289 4017 aliud
314 3969 373 4016 inde
398 3968 430 4016 sit
455 3967 618 4023 eliciendum,
640 3965 710 4014 cuius
756 3972 780 4011 ei
804 3963 970 4027 anteponendo
992 3965 1052 4024 nisi,
1078 3966 1130 4024 his,
1147 3974 1220 4030 puto,
1237 3970 1300 4020 illud

160 4051 274 4112 exceptio
290 4049 332 4098 hic
346 4062 390 4112 per
407 4048 456 4097 nisi
472 4045 537 4110 quod
550 4047 709 4110 significetur.
756 4044 816 4102 nisi,
842 4045 987 4107 praesertim
1012 4046 1046 4094 sic
1071 4049 1098 4094 in
1114 4047 1164 4094 fine
1180 4050 1301 4112 positum,

162 4131 281 4192 Longum
299 4137 336 4178 est
353 4130 384 4178 de
400 4130 476 4178 variis
494 4129 647 4176 eruditorum
657 4141 709 4176 sen·
755 4132 807 4174 tam
831 4125 923 4174 mirum
947 4141 1022 4189 quam
1047 4128 1192 4178 inusitatum
1208 4131 1301 4182 videbi-

159 4211 245 4260 teutiis
271 4224 409 4274 exponere3
434 4215 505 4267 sunt,
530 4209 617 4266 eredo,
634 4221 709 4270 prope
755 4213 805 4254 tur:
824 4207 958 4256 sedTacit.
977 4208 1072 4258 Annsl.
1091 4209 1112 4257 Ι.
1130 4213 1170 4258 64.
1187 4207 1303 4265 Barbari

160 4291 259 4353 viginti.
295 4291 328 4339 In
352 4291 391 4339 his
416 4291 486 4340 nulla
510 4289 572 4340 mihi
597 4291 651 4338 visa
672 4296 709 4338 est
753 4288 915 4352 perfrinpere
945 4287 1075 4347 stationes,
1106 4305 1178 4352 seque
1203 4291 1301 4357 inferre

161 4372 297 4435 simplicior
322 4386 398 4434 quam
421 4371 528 4430 Mureti,
545 4371 589 4433 qui
605 4368 653 4417 nisi
668 4371 708 4418 de·
754 4366 911 4417 munitoribus
928 4368 988 4427 nisi,
1007 4367 1135 4418 lacessunt.
1153 4371 1190 4420 Il.
1210 4377 1249 4424 74.
1263 4375 1301 4428 Et

161 4453 264 4504 lendum
289 4459 380 4504 censet.
416 4452 449 4502 Et
467 4452 538 4503 facile
556 4451 613 4502 eddi
630 4453 709 4514 potuit
755 4448 842 4499 ceteris
875 4447 966 4499 modice
1000 4448 1092 4510 ninia„
1107 4451 1169 4501 inter
1204 4452 1300 4508 Vibium

1188 4540 1201 4582 5
