3074 5310
230 527 293 588 180
642 533 795 582 contrari
819 533 929 580 ricrrr

233 708 350 778 Omnia
381 709 447 774 sine
481 705 592 784 dubio,
627 704 743 793 optime
767 713 954 792 parentum,
979 701 1131 768 assidente
1154 707 1371 773 amantissima

235 839 351 892 uxore,
387 813 567 904 superfuere
597 809 709 876 honori
751 822 821 884 tuo;
856 807 1055 895 paucioribus
1080 820 1196 873 tamen
1230 810 1373 878 lacrimis

234 921 444 1011 comploratus
478 941 531 993 es,
567 929 598 982 et
632 916 797 982 norissima
831 915 864 978 in
898 914 969 978 luce
1004 911 1217 980 desideravere
1247 918 1369 1006 aliquid

232 1027 318 1092 oculi
340 1026 398 1091 tui.

281 1131 395 1198 XLVI.
427 1129 461 1196 si
493 1129 561 1218 quis
596 1128 718 1217 piorum
750 1124 895 1190 manibus
918 1124 1025 1202 locus,
1050 1126 1094 1202 si,
1119 1137 1155 1189 ut
1177 1127 1374 1216 sapientibus

232 1239 354 1330 placet,
378 1259 442 1302 non
467 1258 539 1301 cum
563 1255 692 1323 corpore
716 1233 956 1321 exstinguuntur
977 1253 1110 1319 magnae
1134 1232 1274 1313 animae,
1300 1235 1371 1323 pla-

234 1343 303 1411 cide
326 1344 486 1433 quiescas,
511 1363 640 1430 nosque,
665 1338 793 1402 domurn
817 1349 923 1414 tuam,
947 1335 986 1400 ab
1009 1336 1135 1401 infirmo
1159 1336 1317 1405 desiderio
1341 1353 1373 1407 et

234 1612 781 1681 tusuonposuisset.(logitandanuncestali·
826 1617 874 1659 mm
891 1609 1020 1670 claritate,
1037 1607 1170 1660 sedetiam
1187 1614 1367 1678 opportunitate

234 1697 618 1764 quaconditio,qnaDomitianns
626 1709 683 1743 eum
692 1694 719 1742 in
727 1708 781 1756 pro·
826 1691 918 1740 orortis.
953 1688 984 1741 Si
1008 1691 1064 1756 qais
1085 1692 1185 1756 piorum
1208 1695 1318 1745 monibus
1337 1694 1368 1746 lo·

238 1781 348 1830 vinciam
372 1778 481 1838 miserit,
499 1792 531 1826 ne
547 1793 571 1826 v.
589 1792 610 1826 c.
629 1781 781 1824 execante
827 1788 868 1821 cas
886 1787 922 1837 sq.

236 1861 428 1926 quadriennium
444 1860 575 1923 impletum
588 1859 729 1916 decederet,
739 1871 781 1905 ne·
861 1850 891 1902 Si
908 1853 963 1917 quis
976 1855 1075 1920 piorum
1090 1857 1201 1906 manibus
1217 1857 1374 1909 iocunditas

237 1958 286 2008 qua
310 1943 405 1992 interca
427 1941 468 1991 rel
484 1957 563 1989 unum
579 1942 645 1990 diem
661 1939 781 2003 relinqua·
827 1949 879 1984 non
903 1943 969 1986 recte
994 1946 1106 2000 separata
1130 1939 1236 1988 arbitror
1262 1941 1375 1990 cverbis

235 2031 283 2076 ret.
305 2026 356 2074 Vel
372 2024 407 2073 sic
424 2029 507 2072 tamen
524 2022 628 2071 dixisset
643 2020 725 2085 potius
741 2021 781 2069 ab·
824 2015 926 2080 placide
952 2018 1071 2080 quiescas.
1106 2019 1159 2069 Ubi
1184 2022 1254 2070 enim
1278 2022 1375 2086 placide

236 2105 329 2155 sentiae
345 2105 517 2154 necessitatem.
825 2099 961 2162 quiesceret
985 2101 1034 2149 nisi
1058 2101 1085 2150 in
1109 2103 1164 2150 loco
1189 2103 1238 2166 piis
1258 2104 1376 2153 manibus

274 2183 358 2236 Omnia
366 2185 418 2235 sinc
426 2184 506 2234 dubio.
515 2185 589 2234 Uxor
594 2185 695 2245 ,credo,
706 2183 781 2246 Agri-
827 2181 968 2230 destinato?
987 2181 1120 2232 Praeterea
1136 2184 1232 2232 animas
1242 2197 1375 2248 asseopors

235 2266 715 2329 colsaadmoduminvitahaeelegeret.
729 2265 782 2313 Ubi
826 2267 861 2310 tet
885 2263 1050 2322 immortales,
1076 2265 1111 2324 si,
1133 2266 1241 2314 vinculis
1265 2265 1375 2330 corporis

236 2351 318 2414 agitur
333 2350 364 2398 dc
381 2347 550 2397 amantissima
565 2348 781 2410 coniugaetqns-
827 2344 935 2404 solutae,
952 2345 978 2392 in
995 2346 1078 2394 locum
1094 2346 1203 2410 aliquem
1218 2349 1307 2398 venire
1319 2363 1373 2412 pos-

237 2432 289 2481 lem
309 2445 362 2494 cap.
380 2433 404 2478 6.
421 2429 531 2478 laudarit
546 2443 636 2492 gener,
653 2434 677 2476 et
693 2427 781 2476 felicis·
826 2424 888 2484 sint,
914 2425 936 2473 si
952 2441 1053 2488 usquam
1070 2428 1127 2476 sint.
1147 2428 1222 2489 Quod
1238 2430 1315 2493 igitur
1330 2445 1373 2480 na·

239 2513 330 2561 simum
363 2511 550 2559 matrimonium
581 2510 704 2570 laudavit,
729 2524 781 2558 non
825 2512 881 2555 tura
896 2507 964 2571 prius
980 2514 1031 2567 est,
1047 2508 1095 2558 hoc
1111 2525 1191 2570 nunc,
1208 2517 1373 2562 servatores·

237 2594 313 2642 modo
329 2608 380 2641 non
397 2593 465 2640 locus
483 2598 519 2640 est
536 2593 684 2651 dubitando,
698 2592 781 2639 sedne
826 2589 914 2638 bonam
939 2589 1038 2649 ordina,
1055 2591 1084 2639 fit
1100 2593 1230 2655 posterius.
1249 2593 1373 2658 Transpo·

237 2673 357 2723 formulae
374 2673 474 2736 quidem
490 2673 532 2721 isti
548 2673 600 2720 sine
617 2671 696 2720 datio.
720 2673 781 2720 Hel·
826 2686 899 2720 nam:
927 2668 970 2730 Si,
995 2679 1023 2720 at
1047 2672 1198 2737 sapientibus
1211 2674 1311 2740 placet,
1329 2691 1373 2724 non

237 2756 308 2806 dium
324 2767 421 2817 quoquc
434 2753 620 2816 reprehendisse
632 2753 719 2802 video:
731 2767 781 2801 aas·
826 2767 879 2799 cum
896 2767 998 2816 corpore
1014 2755 1199 2819 castirryaantar
1215 2756 1312 2806 animae
1325 2773 1374 2806 mc·

238 2836 368 2887 serarandi
392 2835 439 2884 iste
460 2836 548 2882 modus
563 2835 722 2885 dubitationis
739 2849 781 2882 no·
825 2848 900 2896 qnae,
926 2833 949 2882 ei
974 2835 1030 2896 quis
1052 2835 1149 2900 piorum
1165 2838 1275 2888 manibus
1293 2838 1372 2900 locus,

236 2927 289 2970 tam
305 2919 413 2983 aliquam
429 2917 518 2977 traxit,
536 2932 564 2966 ac
581 2917 602 2964 si
618 2931 683 2965 uxor
699 2917 782 2966 mariti
824 2913 925 2979 placide
950 2915 1070 2979 quiescas.
1094 2917 1124 2967 Si
1139 2918 1238 2968 animae
1255 2920 1375 2970 sentim·

237 3001 328 3052 honori
344 3001 416 3065 plura
431 3000 516 3062 largiri
532 2997 683 3049 debuisset.''
827 2995 951 3057 mortales,
967 2999 1031 3046 finnt
1047 3015 1141 3048 riores:
1159 3015 1246 3049 manes
1261 3002 1373 3064 piorum,

272 3082 428 3148 Saperfaere
452 3080 537 3129 horrori
554 3088 603 3129 tao.
621 3079 690 3130 Scire
706 3080 782 3129 velim
826 3081 1085 3143 magnaepraescrtim
1102 3082 1208 3142 animae,
1226 3091 1319 3131 certam
1332 3082 1373 3132 lto·

237 3165 294 3228 quia
319 3163 393 3212 suerit
409 3163 488 3211 honos
504 3162 603 3210 habitus
619 3164 736 3211 morienti
751 3163 783 3212 ab
828 3161 882 3208 beat
898 3161 924 3210 in
941 3161 1003 3210 coelo
1021 3160 1146 3224 definitum
1161 3162 1250 3222 locam,
1260 3164 1302 3212 abi
1310 3164 1373 3213 beati

237 3258 317 3294 uxore
342 3242 477 3303 assidente,
502 3244 542 3292 vel
567 3258 626 3291 cura
642 3242 781 3291 assidentis.
828 3256 888 3291 aevo
907 3243 1051 3307 sempiterno
1062 3245 1202 3307 fruantur,
1219 3252 1248 3294 ut
1263 3246 1371 3309 loquitur

238 3325 353 3389 Intelligi
369 3339 419 3373 non
437 3325 499 3373 alins
515 3329 608 3387 potest,
622 3324 782 3387 quamclausi
829 3321 912 3386 Scipio
937 3325 1002 3387 apud
1019 3323 1166 3374 Ciceronem
1183 3327 1209 3374 in
1228 3327 1368 3390 Republica.

237 3409 316 3467 oculi,
346 3421 435 3471 corpus
458 3407 635 3470 compositum,
660 3407 782 3465 lavatum,
826 3403 873 3453 Isti
888 3419 975 3454 manas
990 3405 1121 3456 sentiebant
1136 3409 1196 3471 quid
1213 3409 1241 3458 in
1257 3409 1367 3458 terratia·

238 3498 354 3550 unctum,
380 3496 405 3539 et
429 3490 615 3553 comploratum.
639 3487 690 3537 Sed
706 3487 783 3537 talem
827 3491 878 3546 ret,
902 3493 955 3536 crat
977 3486 1027 3536 illis
1050 3486 1179 3552 αἴσθησις
1196 3487 1369 3538 castalida

236 3574 358 3623 honorem
387 3583 473 3618 omnes
497 3585 588 3618 uxores
613 3571 663 3619 suis
688 3569 783 3617 maritis
827 3567 998 3631 γιγνομένων.
1015 3570 1161 3634 Ergorogat
1170 3572 1329 3634 Agricolam,
1344 3578 1372 3623 ut

238 3654 402 3719 praestabant.
429 3651 582 3700 Mamorasse
606 3652 723 3700 debuerat
739 3651 782 3699 ho·
827 3658 926 3714 vocaret
950 3652 1052 3700 domum
1076 3667 1147 3702 suam
1172 3668 1187 3701 a
1208 3654 1326 3703 lamentis
1342 3655 1372 3704 ad

238 3749 326 3786 norem
350 3732 502 3795 sepulturae,
526 3745 600 3794 quem
622 3733 743 3781 aTacito
759 3738 784 3781 et
828 3732 1061 3795 contemplationem
1075 3735 1195 3784 virtutum
1203 3751 1313 3785 suarum.
1322 3737 1372 3786 Ex·

238 3821 266 3870 in
283 3833 320 3882 sq.
337 3814 456 3866 omissum
471 3813 556 3861 miror.
829 3816 923 3878 ampla,
940 3815 1029 3878 quibus
1045 3829 1075 3864 ea
1089 3821 1214 3877 veterum,
1225 3819 1372 3883 Tacitiquo

277 3895 446 3964 comploratus
470 3909 503 3943 es.
530 3893 574 3944 Sic
598 3894 624 3942 in
646 3893 784 3944 Vaticanis.
829 3911 891 3960 que,
908 3895 992 3958 opinio
1005 3897 1178 3958 confirmatur,
1195 3901 1373 3964 multanbiqua

238 3982 272 4032 In
294 3979 407 4042 margine
422 3977 496 4026 nnius
513 3982 537 4026 et
554 3976 652 4026 Puteol.
671 3976 784 4040 composi·
829 3977 959 4041 praecipue
983 3978 1010 4026 in
1036 3978 1156 4029 Cicerone
1176 3989 1284 4031 exstant.
1304 3982 1373 4032 Taci-

237 4071 287 4112 tus.
303 4061 420 4110 Fortasse
435 4065 567 4122 utrumqne
583 4064 620 4108 est
634 4052 785 4120 glossatoris,
830 4065 870 4108 tus
894 4066 978 4109 autem
1003 4061 1183 4111 nobilissimum
1200 4065 1263 4114 illud
1280 4063 1374 4128 Scipio·

238 4149 268 4193 ut
280 4143 323 4193 ille
335 4141 459 4205 scripsisse
474 4141 598 4190 rideatur:
609 4138 754 4205 compositas
762 4147 786 4188 et
831 4142 870 4192 nis
880 4140 1013 4192 Somnium
1028 4150 1146 4207 perpetuo
1162 4151 1220 4196 ante
1236 4147 1322 4196 oculos
1333 4145 1373 4196 ha·

241 4224 404 4291 comploratus
420 4239 454 4273 es.
831 4225 892 4274 buit.

247 4328 250 4334 ·
275 4305 325 4354 His
349 4305 425 4369 igitur
449 4305 551 4366 deletis,
567 4305 664 4369 reliqua
680 4305 786 4369 simplici
865 4303 1035 4356 Admiratione
1061 4316 1085 4356 te
1098 4307 1183 4373 potiar
1200 4323 1273 4371 qaam
1291 4317 1376 4373 tempo-

244 4391 268 4434 at
283 4387 385 4448 pulchra
401 4387 733 4437 orationeconnnectuntur:
747 4384 785 4436 Ta
831 4387 926 4437 relidas
943 4388 1062 4438 laudibus.
1087 4391 1118 4439 In
1138 4389 1284 4440 Vaticanis:
1303 4389 1374 4438 admi·

231 4481 300 4516 ¹oero
318 4466 404 4531 selis,
429 4466 561 4534 Apricclo,
584 4484 629 4518 non
653 4467 718 4518 ollae
735 4478 786 4520 toa·
832 4470 927 4522 ratione
954 4480 976 4522 tc
999 4472 1083 4536 potius
1110 4471 1282 4536 tenporalibus
1299 4468 1377 4521 laudi·
