3134 5310
654 529 829 578 neclecti.
1276 519 1312 582 ll

160 685 274 764 ments
303 695 547 762 clarissimorum
578 698 777 785 ingeniorum
809 700 842 766 in
878 700 1007 766 comitio
1032 723 1068 768 uc
1090 701 1159 768 foro
1184 725 1313 768 ureren-

161 817 230 870 tur.
257 802 387 869 Scilicet
408 801 463 867 illc
484 804 557 892 igne
582 825 689 868 vocem
713 805 824 893 populi
848 806 984 870 Romani
1006 818 1037 874 et
1061 806 1240 874 libertatem
1264 831 1313 875 ee·

164 1034 244 1084 libros
261 1033 333 1082 esuri
349 1033 431 1082 iussit.
450 1033 555 1084 Sucton.
574 1036 659 1086 Tiber.
678 1039 718 1084 61.
765 1037 903 1087 combustio
941 1044 967 1086 et
995 1044 1053 1088 ente
1083 1039 1198 1090 munium
1230 1041 1315 1091 oculo·

167 1114 374 1166 Animadversum
395 1123 432 1163 est
448 1116 533 1165 statim
549 1117 576 1166 in
592 1125 718 1176 auctores,
764 1123 893 1186 tamqnam
908 1121 1088 1184 spectaculum
1107 1121 1132 1170 iu
1149 1121 1246 1172 comitio
1263 1129 1313 1174 eet:

168 1197 315 1261 scriptaque
349 1195 452 1246 abolita.
477 1196 558 1261 Culig.
588 1203 625 1248 16.
664 1195 719 1246 Titi
765 1198 948 1262 c'qncmiuiose.”
967 1200 1019 1250 Cur
1034 1201 1103 1266 prins
1120 1205 1314 1269 nominavitsc·

166 1275 287 1336 Labieni,
310 1275 386 1325 Cordi
399 1275 516 1327 Cremutii
521 1317 528 1338 ‚
543 1276 625 1328 Cassii
634 1275 720 1328 Severi
766 1283 835 1327 rum?
863 1279 930 1328 Suus
954 1295 1013 1330 eum
1037 1296 1124 1332 sensns
1140 1284 1214 1334 tacite
1230 1299 1315 1334 mone·

167 1357 270 1423 scriptu
287 1353 394 1407 Senatus
410 1357 527 1409 consultis
543 1357 644 1408 abolita.
668 1357 720 1409 Sed
766 1359 821 1418 bet,
847 1359 968 1410 comitium
985 1375 1038 1412 cese
1055 1370 1170 1426 oportere
1185 1365 1314 1428 posteriue.

167 1439 254 1489 Tacit.
279 1439 374 1490 Annel.
392 1439 443 1490 IV.
462 1444 507 1499 85,
523 1446 552 1490 ut
567 1440 652 1490 minue
666 1441 720 1490 vul·
767 1441 888 1490 Latinum
913 1448 978 1492 eret:
1005 1443 1031 1492 iu
1056 1445 1153 1494 comitio
1170 1453 1314 1506 urerentur,

166 1534 243 1584 gere:
266 1518 383 1570 Orcmutii
399 1519 473 1568 libros
486 1535 536 1585 per
552 1517 655 1569 Aediles
670 1535 720 1569 cre·
768 1522 807 1569 vel
824 1521 850 1571 in
861 1524 926 1586 scre
943 1531 1086 1584 urerentur,
1103 1526 1157 1586 vel,
1176 1527 1208 1574 cul
1221 1541 1313 1590 sugen-

165 1599 269 1650 mandcs
285 1615 400 1649 censuere
412 1599 572 1665 patres;sed
582 1609 722 1649 manserunt
766 1603 824 1650 dum
855 1603 1068 1666 indignationem,
1095 1605 1121 1655 iu
1140 1609 1205 1671 sore
1228 1606 1316 1672 pulum

166 1681 288 1730 occultati
302 1690 327 1729 et
343 1680 413 1730 editi.
431 1682 485 1731 Ubi
501 1683 607 1730 coniicio
616 1689 640 1730 et
650 1681 717 1731 lecti.
767 1691 905 1733 urerentur.
937 1686 995 1734 Liv.
1027 1685 1088 1735 XL.
1119 1691 1159 1736 29.
1191 1685 1265 1736 Libri
1290 1688 1316 1736 iu

167 1763 213 1812 Sic
230 1763 312 1812 XIV.
330 1767 362 1812 50
378 1763 406 1811 iu
422 1777 450 1811 rc
466 1762 543 1812 simili
556 1770 628 1812 vocet
643 1764 720 1813 libros
767 1764 876 1824 comitio,
901 1765 957 1829 ique
981 1781 998 1813 a
1014 1767 1163 1817 victimariis
1180 1770 1273 1832 sactu,
1290 1769 1316 1819 iu

166 1843 322 1907 calquisitus
338 1852 363 1893 et
379 1843 512 1893 lectitatcs.
767 1854 897 1911 conspectu
914 1846 1007 1911 populi
1024 1849 1127 1898 cremcti
1142 1857 1207 1898 suut.
1226 1849 1315 1900 Cicero

218 1922 380 1974 Memmeutc
405 1925 597 1974 clarissimorum
614 1925 719 1990 iuuenio-
766 1927 794 1976 in
812 1927 886 1976 Verr.
903 1928 942 1977 11.
962 1933 1002 1977 33.
1023 1927 1096 1983 Quae
1113 1929 1138 1977 iu
1149 1931 1215 1993 scrc
1228 1930 1316 1994 pulum

165 2004 533 2056 rum.lrilirosiemn0minuvit
541 2005 720 2057 Sutiserctmd·
767 2004 901 2072 Syracusis
922 2009 948 2056 iu
964 2023 1008 2056 cre
1026 2017 1102 2072 utque
1118 2009 1198 2059 oeulis
1213 2011 1316 2061 omnium

166 2089 262 2147 ditum,
278 2096 430 2136 moenimenta
447 2087 639 2136 clarissimorum
655 2089 719 2152 iuye-
765 2096 837 2151 qesta
850 2097 914 2137 suut.

167 2170 263 2219 nicrum
296 2169 433 2232 significat,
459 2183 610 2232 magnopere
635 2171 720 2220 dolen·
802 2167 904 2218 Scilicet
928 2169 971 2220 illc
993 2171 1049 2234 ique
1064 2185 1145 2220 ccccm
1157 2171 1248 2237 pepuli
1263 2171 1315 2224 Rc.-

166 2253 229 2301 dum
244 2253 321 2300 libros
337 2251 525 2313 tumprceclcre
542 2251 720 2314 scriptoe,ulio·
766 2251 840 2299 mcci.
879 2252 911 2300 In
941 2267 991 2302 uno
1023 2253 1106 2302 Vetic.
1131 2268 1212 2302 uocem
1236 2256 1313 2307 deest.

164 2335 228 2398 quin
241 2347 372 2396 nunquam
387 2332 522 2395 pentuma,
541 2332 721 2380 nuncssevitie
767 2333 835 2381 Tum
853 2332 944 2397 populi
960 2331 1068 2382 Romani
1084 2340 1109 2382 et
1125 2332 1262 2384 libertatem
1278 2351 1314 2386 se·

166 2415 307 2464 Domitiani
315 2414 425 2477 periisse.
436 2411 516 2474 Quasi
523 2427 575 2462 non
583 2418 654 2461 tantu
662 2412 720 2462 fuis-
766 2423 839 2462 nutus
864 2414 1008 2477 accipienda
1028 2420 1124 2473 eewnt,
1141 2421 1270 2479 tumquum
1287 2418 1315 2467 li·

166 2504 206 2546 set
213 2495 354 2545 Domitiani
362 2495 478 2552 saevitia,
488 2495 586 2556 si,pcst
595 2495 656 2542 sitos
665 2509 719 2542 nuc·
766 2497 884 2544 herculem
896 2493 987 2559 populi
1004 2502 1028 2542 et
1043 2503 1157 2555 secatus,
1174 2497 1242 2559 quod
1258 2499 1315 2548 ueui

165 2587 234 2626 tores
247 2577 367 2641 supplicio
376 2576 490 2634 affectos,
499 2577 635 2624 eorundem
643 2575 720 2624 libros
766 2591 818 2626 non
831 2581 966 2640 repngnut;
978 2577 1055 2626 modo
1071 2574 1174 2626 libertus
1190 2577 1232 2628 hle
1248 2581 1314 2630 cumi

165 2658 721 2720 comburiiussiseet‚quuecesentmonumcntu
766 2664 849 2720 posset
864 2671 910 2720 pro
927 2655 1042 2706 libertate
1058 2657 1170 2717 dicendi,
1186 2673 1313 2721 quaecuu-

166 2737 720 2805 ingeniorumminusclcrorum,velcdeome·
766 2739 834 2788 lires.
865 2737 917 2788 Sed
945 2739 1002 2787 tulis
1027 2738 1128 2788 libertus
1153 2747 1205 2790 eret
1230 2741 1313 2802 nulle,

165 2825 298 2873 (licerium.
314 2817 474 2868 Monumeuta
486 2825 544 2867 eunt
557 2819 671 2868 omnium
683 2833 719 2868 re·
766 2818 870 2868 minime
890 2819 917 2868 ln
934 2819 988 2882 ipso
1005 2827 1100 2869 eenutu.
1123 2818 1211 2870 Vocem
1223 2821 1315 2886 populi

165 2919 224 2954 rum
230 2901 672 2964 ,testenturtumboncequummslse
678 2902 719 2960 ;li·
766 2901 942 2962 intelligimus,
967 2901 1011 2948 esd
1027 2914 1057 2950 es
1073 2915 1125 2950 non
1141 2903 1177 2950 itc
1193 2903 1226 2952 ud
1242 2917 1313 2953 cures

166 2985 206 3035 bei
227 2983 358 3046 ingenium
374 2981 493 3040 euctcris,
509 2981 551 3030 vel
567 2982 663 3030 clerum
678 2983 720 3031 vel
766 2981 906 3030 Domitiani
921 2980 1096 3043 perveniebat,
1112 2988 1141 3030 ut
1156 2996 1212 3031 vc
1223 2983 1312 3046 Agris.

166 3081 220 3114 uon
250 3065 346 3112 clerum
365 3067 495 3111 testentur.
513 3061 647 3112 Praeterea
663 3062 720 3112 libri
766 3068 807 3110 43.
822 3059 1313 3130 Vulqusqucqueetllicaliuduqcuspe·

167 3159 223 3194 uon
247 3143 433 3192 intercidebant.
456 3141 674 3206 Conquirebentur
695 3148 720 3190 ct
763 3141 890 3208 pulusper
892 3139 1108 3206 soraetcireulus
1117 3141 1193 3194 locuti
1200 3153 1314 3204 sunt,uec

166 3225 268 3276 avidius
284 3223 466 3282 lectitabantur,
483 3230 511 3271 ut
528 3225 591 3273 olim
608 3231 632 3272 ct
645 3224 720 3272 hodie
766 3224 895 3288 quicquum
916 3221 1005 3272 auditu
1022 3232 1098 3274 morte
1114 3221 1252 3290 Agricolae
1268 3238 1313 3278 cut

70 3303 74 3314 ‘
168 3306 266 3354 Romae
282 3305 310 3353 in
327 3305 434 3354 iudicem
449 3305 583 3354 vetitorum
595 3306 676 3354 releti.
766 3305 874 3354 laetatus
891 3314 940 3364 cst,
957 3306 1199 3356 cutstctimoblitus.
1215 3309 1311 3360 Annei.

204 3384 236 3434 Iu
261 3385 358 3435 comitio
375 3401 406 3434 cc
417 3388 491 3450 scre.
510 3386 628 3434 Habeant
645 3400 718 3435 voces
765 3387 819 3436 III.
849 3392 887 3435 ll.
913 3385 995 3436 Haud
1018 3386 1085 3436 alias
1101 3387 1218 3438 intentior
1232 3407 1311 3454 popu·

168 3469 294 3517 divensem
310 3467 533 3530 significationem,
551 3468 583 3516 sit
600 3467 627 3516 in
644 3468 718 3516 comi-
765 3467 804 3516 lus
817 3467 878 3532 plus
894 3468 942 3516 sibi
958 3467 985 3516 iu
997 3467 1137 3531 principun
1154 3469 1311 3520 occultcecc·

170 3550 205 3598 tio
229 3550 300 3598 notio
316 3549 484 3612 ignominiae,
501 3549 561 3611 quis
576 3549 612 3596 ibi
629 3563 718 3599 nocen-
765 3549 802 3598 cis
830 3557 876 3597 aut
905 3547 1044 3612 suspicacis
1072 3547 1166 3600 silentii
1187 3551 1311 3615 permisit.

169 3638 206 3678 tes
221 3629 402 3692 puniebantur,
419 3636 444 3678 et
459 3629 487 3678 in
499 3632 564 3694 soro
578 3630 718 3688 nulls,uisi
798 3627 923 3694 Expulsis
938 3629 1039 3695 iusuper
1055 3631 1196 3696 sapientiae
1209 3636 1311 3698 preses·

167 3709 277 3775 publice;
303 3711 433 3760 comitium
448 3717 535 3761 tumen
553 3718 591 3761 eet
607 3711 634 3759 in
651 3709 717 3768 soro,
764 3711 868 3760 ceribus.
902 3711 975 3761 Haec
998 3715 1125 3776 quomodo
1144 3729 1201 3764 cum
1218 3715 1313 3767 scilicet

170 3793 205 3842 itu
219 3792 375 3855 contignum,
390 3799 432 3851 ut,
448 3794 517 3856 quod
532 3793 559 3841 in
576 3792 679 3840 comitio
686 3791 718 3840 eit
764 3791 808 3842 iiic
832 3793 888 3857 tque
911 3800 958 3846 cet.
983 3796 1147 3854 convenient,
1172 3797 1240 3848 dictu
1261 3805 1313 3848 tum

170 3875 338 3932 wmbnstum,
360 3873 429 3922 idem
445 3874 472 3922 in
489 3873 544 3922 foro
562 3875 718 3922 combustum
764 3875 864 3924 difficile
896 3883 946 3934 est,
979 3890 1055 3940 quum
1079 3875 1170 3936 facile„
1186 3878 1312 3940 quomodo

169 3968 222 4004 esee
235 3955 718 4019 inulligutunnequeesdtstinguipos-
764 3970 822 4006 cum
837 3955 963 4006 saeuitum.
990 3955 1094 4006 Sueten.
1111 3958 1139 4006 in
1156 3957 1311 4007 Domitio.

169 4035 233 4095 siut,
258 4043 286 4083 ut
309 4035 351 4084 hic
376 4035 570 4098 distinguuntur.
588 4036 716 4086 Dixisset:
764 4043 902 4086 memorato
917 4037 1037 4102 en11plicio
1055 4039 1151 4090 Rustici
1164 4039 1311 4090 naumann

170 4117 195 4164 in
214 4117 280 4180 sero
306 4123 330 4165 et
356 4117 460 4176 comitio,
486 4117 503 4166 i.
526 4131 548 4166 e.
566 4117 593 4166 in
610 4116 677 4176 lore,
694 4123 719 4166 et
764 4119 857 4182 iungit=
884 4117 954 4168 cuius
975 4119 1084 4170 criminis
1108 4119 1235 4168 occasione
1256 4119 1312 4184 pii·

169 4197 271 4260 quidem
295 4199 323 4247 in
340 4212 370 4248 eu
385 4199 433 4248 ioci
449 4205 533 4261 purte,
549 4199 576 4247 in
593 4213 643 4262 que
660 4213 717 4248 con·
764 4199 878 4264 loscplcs
901 4215 981 4248 omncs
1001 4201 1060 4248 urbe
1077 4197 1205 4263 Itcliuque
1221 4201 1311 4250 submu-

169 4279 281 4328 demncti
297 4279 562 4342 virgiscuedebunncr,
572 4281 598 4329 in
608 4281 717 4330 comitio.
763 4281 807 4330 cit.
831 4281 899 4330 Mire
914 4281 1015 4330 interim
1031 4287 1069 4332 cet
1084 4280 1221 4331 similitudo
1237 4281 1312 4334 huius

171 4359 292 4419 Wexius,
309 4361 337 4408 iu
352 4377 403 4425 quo
410 4361 549 4424 praeiverat
559 4361 716 4412 Walthcms:
763 4363 812 4412 loci
837 4369 862 4410 ct
888 4361 1000 4410 Plinicui
1016 4361 1043 4410 in
1061 4361 1157 4426 Puueg.
1176 4365 1216 4414 47.
1236 4361 1312 4422 Quem

173 4441 215 4490 uin
241 4443 301 4503 seru
327 4443 403 4504 igitur
420 4449 468 4492 cst:
485 4441 584 4506 publice
600 4442 664 4492 luctu
681 4451 717 4494 cst
765 4442 874 4492 tutorem
896 4441 993 4492 dicendi
1009 4443 1153 4514 uticencis,
1171 4462 1243 4509 quum
1260 4447 1311 4511 city,-
