3074 5310
250 537 312 598 191
741 553 910 602 ιιιιιιιιιιι.

253 725 309 772 lae.
330 721 410 786 primu
426 722 488 774 adeo
503 721 639 782 elementa,
655 721 744 788 qaibne
760 723 858 774 barbari
875 721 1032 782 imbuuntur,
1050 722 1078 768 at
1095 719 1238 770 imbuuntur
1255 717 1382 778 Romani,

253 820 331 872 eoque
346 809 447 859 tandem
463 809 611 870 deveniunt,
628 815 656 858 ut
672 809 754 860 alienu
769 813 899 874 appetent,
915 821 960 858 em
975 803 1135 871 pmiundent.

286 978 317 1030 P.
335 983 376 1030 90.
409 976 489 1045 Apud
502 977 635 1044 imperitae.
668 977 709 1028 De
729 993 777 1028 aea
792 980 861 1030 noeis
868 976 978 1045 imperiti
985 978 1049 1027 bene
1058 975 1174 1041 exposuit
1181 973 1385 1040 oudendorp.ed

255 1063 355 1116 Otene.
372 1066 403 1116 de
427 1065 461 1115 B.
488 1063 544 1116 Cin.
568 1064 591 1114 Ι.
616 1069 658 1116 05.
681 1063 760 1128 Sunt,
776 1067 826 1127 eit,
843 1065 980 1130 simplides,
997 1059 1179 1128 abundanter,
1196 1064 1384 1128 imprudentes,

252 1164 299 1203 nee
314 1151 374 1202 mes
389 1151 480 1201 muniti
495 1151 528 1200 ed
543 1150 679 1202 illecebrat.

284 1321 315 1374 Ρ.
334 1325 390 1373 100.
423 1320 494 1372 Pare
518 1321 652 1374 seruitutis.
686 1321 738 1385 Qui
759 1323 823 1373 elios
839 1323 893 1374 eine
909 1322 1041 1387 prudentia
1056 1322 1198 1382 imitentur,
1215 1321 1280 1372 finnt
1295 1335 1382 1373 eoram

249 1409 322 1460 arvi.
355 1409 388 1458 In
403 1407 482 1458 literie
497 1407 617 1460 Horatiae
632 1415 705 1460 vocat
719 1408 856 1459 imitatores
871 1423 965 1457 seruum
977 1421 1063 1473 pecua

282 1581 316 1630 Ρ.
335 1583 390 1630 102.
424 1575 520 1628 Atridae
537 1575 676 1643 intercepit.
709 1577 784 1630 Adde
801 1579 859 1631 Liv.
877 1579 1017 1633 XXXIIL
1036 1585 1075 1631 11.
1093 1579 1274 1646 Arrapantiam
1289 1595 1374 1639 mum,

250 1663 369 1715 victoriae
383 1661 489 1729 pluriam
504 1663 531 1713 in
547 1676 573 1711 re
589 1662 747 1728 rapientium.

279 1836 310 1886 P.
330 1841 385 1886 102.
426 1833 461 1886 Ut
486 1843 541 1885 erat
564 1833 637 1884 cornia
659 1834 735 1885 benit.
752 1835 835 1888 Voeee
852 1845 893 1897 ut,
910 1845 934 1887 et
950 1837 1092 1902 saepissime
1108 1837 1304 1888 ueniunduntur.
1321 1836 1377 1888 Irin.

250 1921 382 1973 XXXIV.
408 1926 432 1971 2.
456 1919 528 1971 Date
546 1921 655 1985 sraenae
676 1921 802 1987 impotenti
818 1932 923 1974 naturae
939 1931 963 1973 et
979 1922 1093 1973 indonata
1109 1922 1226 1984 animali,
1243 1932 1268 1972 et
1281 1931 1380 1989 sperate

246 2008 317 2074 ipeas
333 2006 471 2072 (mulieres)
488 2004 581 2055 modam
596 2005 708 2057 licentiae
719 2009 857 2073 secturae,
874 2010 923 2060 aiei
937 2025 980 2060 roe
990 2009 1112 2076 faciani.
1130 2010 1218 2073 Lego:
1235 2007 1295 2058 date
1305 2011 1380 2075 srae·

249 2109 293 2143 nae
316 2092 441 2160 impotenti
465 2100 583 2154 naturae,
600 2101 628 2143 ut
643 2093 758 2144 indomita
774 2093 889 2156 animali,
906 2103 931 2144 et
947 2104 1047 2160 sperate
1062 2111 1100 2161 eq.
1117 2096 1159 2146 Ite
1174 2097 1201 2145 in
1218 2110 1272 2160 cup.
1289 2102 1315 2146 4.
1331 2091 1381 2144 Im-

251 2179 326 2229 auria
350 2194 397 2226 nan
420 2185 485 2226 mata
510 2177 663 2230 tolerabilior
687 2188 763 2242 esset,
786 2195 859 2245 quam
874 2181 1012 2243 miluum,
1028 2180 1226 2248 ipeiruinculie,
1242 2181 1382 2247 sicutsera

252 2266 345 2328 bestia,
360 2263 477 2326 irritata,
495 2264 581 2316 deinde
598 2266 693 2316 amaea.

282 2439 313 2490 Ρ.
332 2445 388 2490 104.
421 2437 496 2490 Nave
508 2437 600 2505 prima.
618 2435 694 2486 Adde
710 2434 769 2485 Liv.
787 2434 922 2488 XXXVI.
941 2441 980 2487 12.
1001 2435 1106 2504 Tempta
1121 2437 1181 2489 antii
1195 2445 1317 2488 maturum
1331 2439 1379 2488 ium

251 2524 287 2576 ad
301 2525 470 2591 naripandam.
487 2524 612 2583 Ceteram,
629 2529 658 2572 ut
673 2523 750 2586 vulgo
767 2523 856 2572 dieitur
868 2523 953 2589 prima
969 2526 1132 2590 nacte,sace,
1148 2539 1267 2590 vespera,
1279 2524 1378 2585 lumine,

251 2610 377 2661 inminibus
394 2612 449 2660 sim.
466 2611 501 2661 ita
517 2617 541 2660 et
554 2611 639 2676 prima
655 2619 762 2672 aestate,
776 2609 857 2676 primo
873 2623 937 2658 rere.
955 2609 1097 2674 Exemplis,
1113 2623 1177 2675 quae
1193 2611 1379 2661 incontrerium

250 2697 335 2756 attuli,
352 2697 416 2746 adde
437 2695 495 2745 Liv.
513 2694 638 2746 XXXII.
655 2700 680 2746 6.
695 2711 752 2744 vere
765 2695 855 2760 prima.
875 2693 995 2746 XXXV.
1013 2701 1053 2747 ³4.
1071 2695 1124 2746 luce
1132 2695 1225 2762 prima.
1243 2697 1377 2748 XXXVI.

253 2787 292 2833 le.
323 2779 376 2830 luce
405 2780 495 2846 prima.
529 2780 617 2831 XLV.
653 2785 694 2830 et.
719 2778 777 2828 Rea
797 2780 823 2830 in
843 2779 944 2830 hiberna
965 2790 1118 2832 concesserat
1142 2781 1304 2850 Perpernam,
1325 2799 1379 2850 pra·

249 2869 322 2933 eique
334 2868 414 2918 marba
430 2881 504 2933 aeper
514 2867 617 2934 suerat.
640 2862 691 2914 Ver
704 2865 812 2930 primum
828 2880 859 2914 ea
875 2864 943 2915 dame
960 2866 1057 2918 accivit.

283 3039 315 3090 P.
333 3040 389 3089 10⁵.
423 3035 455 3088 Si
470 3035 564 3103 quidem
580 3035 796 3087 Heiemta'mito
812 3034 877 3086 inter
893 3034 1052 3088 Britanniam
1068 3045 1144 3102 atque
1160 3036 1312 3104 Hispaniam
1323 3040 1379 3090 eila.

252 3125 362 3176 Feciline
395 3131 463 3176 eretz
488 3121 520 3174 Si
543 3121 639 3189 quidem
662 3120 810 3173 Hiberniam
832 3122 897 3173 inter
919 3121 1001 3174 media
1024 3121 1162 3174 Britannia
1185 3132 1260 3190 atpae
1284 3125 1380 3193 Hispa-

249 3209 314 3260 niam
330 3209 389 3260 uita.

284 3379 314 3429 P.
335 3381 389 3431 107.
423 3377 557 3447 Amplexus
573 3379 693 3432 civitatee.
728 3376 856 3442 Legebem
871 3377 1037 3444 amplemtrue.
1071 3380 1147 3432 Adde
1164 3383 1222 3434 Liv.
1240 3382 1379 3435 XXXIII.

252 3470 290 3514 19.
308 3463 494 3528 Proficiecitur,
510 3465 583 3517 timul
599 3473 737 3516 tentaturus
753 3465 838 3526 urbee,
855 3463 928 3515 simul
943 3463 1089 3532 Plrilippnm
1105 3465 1245 3518 adiuturus.
1262 3467 1303 3521 Cf.
1320 3469 1380 3522 Gro-

248 3565 307 3601 nov.
324 3553 356 3602 ad
373 3552 431 3604 Liv.
449 3552 571 3604 XXXII.
589 3557 630 3604 el.

284 3724 315 3775 Ρ.
335 3727 390 3775 107.
424 3721 527 3789 Inserta
551 3722 646 3774 basilia
670 3724 792 3775 eucratas
807 3723 908 3774 itinera.
942 3724 1092 3778 Rhenanam
1110 3725 1193 3776 lwetilr'
1209 3728 1333 3788 euentu,
1349 3728 1379 3777 de

248 3826 298 3878 que
313 3809 496 3860 coniunctione
512 3809 601 3860 Heinn
618 3809 651 3859 ed
668 3807 743 3860 Ovid.
761 3810 866 3861 Metam·
883 3809 935 3861 IV.
952 3813 1009 3862 610.

280 3984 310 4034 Ρ.
330 3989 385 4035 108.
421 3980 500 4038 linum
523 3979 596 4031 amul
619 3987 688 4029 terra
702 3978 774 4030 simul
788 3981 853 4032 mari
869 3979 954 4032 bellum
968 3980 1141 4048 impelleretur.
1175 3983 1312 4035 Rhenanus
1327 3999 1377 4034 eor·

246 4071 320 4121 rexit.
354 4071 385 4119 Ιιι
412 4071 495 4120 Velie.
520 4064 663 4132 impellitur.
697 4064 775 4116 Unde
798 4067 849 4132 legi
873 4073 982 4131 poteret:
1005 4067 1097 4134 impelli
1117 4066 1252 4119 videretur.
1278 4071 1378 4122 Bellum

246 4169 333 4206 revere
348 4170 399 4205 non
416 4153 588 4219 impellebatur
603 4151 674 4202 mari.
691 4151 781 4217 Neque
793 4153 925 4216 udeoopue
941 4157 1001 4203 erut.
1018 4151 1086 4204 Nem
1103 4153 1221 4204 Britanni
1236 4169 1289 4206 non
1306 4155 1377 4206 hebe-

246 4240 307 4291 bant
321 4241 434 4292 classem.
469 4240 503 4291 Iit
519 4240 603 4290 0100010
620 4239 734 4290 &mana
749 4237 897 4304 sequebatur
913 4240 1049 4290 exereitum
1065 4239 1164 4306 eprepia
1180 4239 1271 4305 speeie.

281 4411 312 4461 P.
332 4418 385 4463 100.
424 4413 607 4467 circumiretur.
641 4411 681 4465 De
697 4414 772 4466 verbe
789 4411 915 4464 circumiri
923 4410 1232 4476 OudendorpedCeesar.
1241 4412 1272 4462 de
1282 4410 1314 4462 Β.
1323 4408 1376 4462 Cir.

247 4495 302 4546 111.
319 4501 359 4546 04.
