3130 5308
251 539 294 601 84
678 551 832 598 coenatu
857 548 968 598 rrcrrr

301 719 417 787 XVIII.
444 717 537 784 lianc
561 718 743 783 Britanniae
767 729 902 797 statum,
927 718 983 782 has
1005 716 1159 785 bellorum
1182 722 1265 788 vices
1285 725 1391 791 media

252 830 315 892 iam
351 837 468 891 aestate
503 836 711 912 transgressus
747 821 893 911 Agricola
917 824 1054 898 invenit,
1079 846 1178 913 quum
1201 838 1233 892 et
1256 829 1393 908 milites,

251 932 337 998 velut
370 931 480 995 omissa
504 926 724 1016 expeditione,
747 926 786 990 ad
810 928 1027 1006 securitatem,
1052 940 1084 993 et
1107 927 1210 995 hostes
1235 931 1274 996 ad
1297 955 1393 999 occa·

249 1039 369 1103 aionem
402 1045 609 1100 verterentur.
653 1029 844 1097 Ordovicum
873 1033 981 1097 civitas
1003 1030 1089 1096 haud
1113 1034 1214 1100 multo
1238 1049 1312 1103 onte
1336 1038 1391 1103 ad·

246 1218 708 1285 ramesseputatAqricalam,primum
714 1218 793 1266 Fron·
839 1217 991 1280 significatur
1006 1219 1133 1270 interdum
1148 1234 1193 1284 per
1203 1219 1282 1282 Quia,
1291 1224 1394 1288 saepias

246 1307 341 1363 tinum,
363 1302 469 1350 alterum
491 1299 645 1363 Agricolam.
681 1297 793 1346 Kritzius
838 1311 882 1360 per
907 1313 984 1351 uuam
999 1297 1098 1348 literam
1118 1300 1150 1361 Q.
1169 1302 1239 1352 Hinc
1255 1303 1298 1352 alii
1314 1305 1390 1354 libra·

246 1385 369 1436 excidisse
394 1381 507 1440 coniicit,
525 1380 574 1428 nisi
590 1379 717 1428 immutare
729 1380 793 1442 fata
838 1379 870 1426 rii
895 1378 945 1428 alia
969 1380 1045 1428 verba
1066 1382 1230 1441 effinxerunt,
1255 1383 1283 1432 in
1300 1382 1390 1433 Tacito

245 1466 355 1516 abiisset.
374 1464 430 1524 Ego
446 1462 482 1509 sic
498 1459 793 1523 cogitaveramztierialis
839 1465 864 1507 et
888 1460 943 1508 aliis
967 1475 1019 1509 non
1044 1461 1121 1510 semel
1143 1463 1256 1511 maurina
1265 1463 1289 1511 Ι.
1306 1464 1391 1527 Lipsii

246 1539 793 1608 aVespaaianoiemBritannieepreepasitus
839 1538 979 1589 felicissime
1004 1543 1142 1590 emendata.
1165 1542 1262 1592 Annei.
1279 1543 1328 1594 IV.
1347 1550 1389 1595 21.

246 1631 283 1676 cst
300 1639 323 1674 a.
341 1627 382 1672 71.
400 1621 520 1684 Agricola
537 1635 559 1669 a.
580 1623 619 1670 78.
630 1621 700 1668 Inter
714 1634 793 1669 annos
839 1617 1003 1683 Pisonemque
1034 1618 1151 1670 Gravius.
1176 1623 1246 1686 Lips.
1272 1621 1391 1675 Pisonen

246 1705 344 1754 71—te
375 1701 518 1750 missisunt
542 1700 624 1764 maqui
648 1698 735 1758 ducos,
769 1705 794 1747 et
842 1697 872 1754 Q.
893 1697 1008 1750 Grauius.
1027 1702 1059 1750 In
1068 1701 1156 1752 Senoc.
1166 1703 1247 1766 Epist.
1257 1709 1298 1753 40.
1308 1703 1388 1755 Nam·

244 1789 414 1834 memorantur
438 1789 536 1831 tantum
560 1783 623 1840 dua,
648 1780 753 1830 Cerialis
769 1785 804 1850 et·
840 1793 887 1842 que
912 1779 1013 1830 Ecberi.
1039 1782 1109 1845 Lips.
1135 1780 1205 1832 Nam
1232 1781 1263 1839 Q.
1282 1783 1389 1836 Hateri.

244 1867 390 1916 Frontinus.
412 1864 497 1928 Atque
512 1863 554 1912 hic
571 1863 672 1927 quidem
688 1861 734 1910 vix
751 1875 792 1909 an·
841 1861 909 1911 Veli.
935 1861 1032 1911 Patere.
1059 1863 1097 1911 II.
1123 1877 1152 1913 11.
1178 1862 1281 1927 Parque
1297 1861 1390 1915 Metel·

244 1963 306 1998 num
321 1947 476 2012 provinciam
493 1944 678 1994 administrasse
686 1942 792 1990 videtur.
840 1940 893 1990 lum.
920 1943 1019 2000 Acidal.
1044 1941 1287 2008 pertundendum
1312 1946 1387 1995 Idem

245 2027 372 2080 Credibile
387 2033 447 2090 puto
462 2025 637 2074 unumsattem
645 2023 794 2072 brisseinter
840 2023 878 2071 II.
905 2028 928 2072 9.
954 2021 1071 2086 Namque
1096 2021 1211 2084 Mucias,
1237 2032 1262 2075 ot
1283 2026 1309 2074 iu
1326 2025 1388 2076 Flo·

244 2110 369 2160 Cerialem
386 2113 411 2156 et
427 2105 595 2164 Frontinum,
611 2119 661 2168 quo
675 2104 792 2162 nomine,
839 2105 938 2152 rentino
959 2102 1117 2167 Numquam
1135 2101 1249 2166 Mucius,
1265 2106 1309 2156 ubi
1326 2106 1391 2157 Aci-

243 2191 374 2238 inoertum.
400 2187 451 2236 Sed
474 2200 567 2234 nomen
592 2191 735 2248 corruptum
756 2191 793 2232 est
839 2185 930 2234 dalius:
943 2200 1015 2233 ‘ruam
1026 2184 1057 2240 (i.
1067 2183 1168 2234 Muciua
1173 2187 1285 2250 ;quippe
1294 2187 1327 2236 τὸ
1335 2203 1389 2237 cum

243 2270 271 2317 in
287 2269 364 2316 verba
381 2265 476 2330 quidam
493 2265 606 2314 alterius.
624 2266 724 2314 Nomen
740 2277 794 2312 esse
839 2279 890 2313 non
916 2267 1017 2315 aliunde
1040 2272 1077 2315 est
1101 2267 1151 2315 nisi
1175 2281 1190 2316 e
1212 2266 1250 2334 τῷ
1268 2267 1334 2324 Quin
1350 2271 1391 2320 di·

244 2349 325 2413 potuit
343 2345 373 2402 Q.
391 2345 469 2396 Atilii
485 2343 556 2408 Rufi.
575 2345 657 2403 Huic,
675 2349 793 2406 poserem
838 2345 968 2394 midiat0.''
995 2348 1036 2395 Ita
1060 2347 1103 2395 bic
1118 2349 1144 2396 in
1164 2348 1251 2398 Tacito
1267 2363 1300 2398 ex
1318 2348 1388 2404 Quin

243 2432 269 2480 in
300 2429 433 2480 Britannia
465 2429 529 2476 bene
552 2431 648 2491 gestam
673 2426 731 2473 data
756 2431 792 2474 est
837 2427 911 2475 scribi
927 2427 1007 2490 potuit
1021 2426 1124 2490 quidem.
1142 2430 1221 2479 Porro
1236 2430 1263 2478 in
1279 2429 1389 2479 alterius

244 2511 320 2575 Syria
344 2510 484 2574 provincia,
510 2508 536 2556 in
560 2521 611 2571 qua
635 2523 657 2554 a.
684 2511 725 2566 85,
741 2519 792 2569 quo
837 2506 915 2555 literis
939 2509 1095 2571 transpositis
1119 2515 1157 2559 est
1181 2509 1238 2559 utili
1258 2526 1315 2570 rus,
1332 2525 1390 2560 cor·

244 2593 366 2656 Agricola
381 2606 414 2640 ex
431 2589 564 2639 Britannia
581 2589 688 2637 Romam
705 2587 791 2646 rediit,
837 2594 937 2650 ruptum
954 2602 987 2638 ex
1003 2587 1072 2638 aritia·
1087 2591 1146 2652 rufi.
1172 2591 1325 2640 Huiusmodi
1342 2605 1389 2641 ex-

242 2681 356 2724 mortuus
381 2678 426 2721 est.
452 2671 489 2718 Ut
508 2667 538 2724 Q.
556 2663 637 2717 Atilio
654 2667 720 2716 Rufo
736 2672 792 2729 past
837 2670 919 2732 empta
935 2671 1097 2720 inveniuntur
1113 2672 1140 2720 in
1150 2670 1387 2735 Tacito‚utAgric.

243 2756 394 2818 legationem
412 2751 584 2800 Britannicam
600 2751 658 2798 duta
675 2755 727 2797 erat
745 2747 791 2810 Sy·
840 2753 861 2798 7.
887 2749 1192 2813 intemplo—interuolisa.
1215 2751 1311 2800 Annei.
1330 2753 1386 2802 XI.

242 2837 293 2894 ria,
311 2835 346 2883 sic
362 2833 449 2882 eedem
466 2831 592 2879 dicebatur
607 2829 792 2878 essodestinatu
837 2844 866 2878 11.
892 2845 1020 2878 cauere-
1032 2828 1139 2880 Valerii.
1161 2831 1212 2880 XI.
1228 2836 1269 2882 22.
1287 2832 1388 2881 noui-

244 2916 387 2980 Agricolae.
415 2914 517 2962 Tacitus
542 2915 627 2959 namet
644 2910 731 2972 Agrtc.
750 2913 789 2957 40.
837 2909 943 2960 Novius.
959 2912 1025 2960 XII.
1040 2916 1184 2961 61.cum-
1198 2911 1385 2964 anum.XIII.

241 2998 318 3048 fuisse
343 2996 500 3061 opinionem,
523 2990 624 3058 Syriam
637 2990 791 3056 prouinciam
837 2994 877 3040 27.
909 2992 1000 3040 amitae
1017 3021 1051 3028 —
1067 2991 1203 3042 Domitiae.
1236 2993 1314 3043 XIV.
1342 2999 1384 3044 29.

243 3077 379 3145 Aqriaolue
395 3075 529 3134 destinari,
546 3081 707 3122 uacuamtum
715 3079 791 3120 morto
836 3070 964 3120 siluas-
980 3070 1089 3122 Siluras.
1114 3074 1238 3138 Pleraque
1262 3077 1386 3126 debentur

243 3145 321 3209 satra
336 3157 412 3220 Rufi,
430 3155 575 3205 consuat-a.
594 3155 679 3216 Quare
693 3153 789 3214 ragam:
835 3152 931 3216 eiuro.
957 3153 1029 3203 taem
1053 3156 1086 3203 aa
1110 3154 1205 3205 Anna.
1230 3155 1281 3206 Ν.
1298 3161 1339 3206 45.
1356 3158 1386 3206 ra

242 3237 300 3288 Nec
330 3237 437 3286 Cerialis
464 3235 494 3290 Q.
521 3233 600 3283 Atilii
617 3232 681 3294 Rufi
698 3247 790 3280 succes·
837 3232 939 3283 Sallust.
953 3234 1055 3298 Frsgm.
1072 3235 1091 3284 l.
1108 3249 1149 3284 111.
1166 3235 1228 3299 legit
1248 3234 1384 3286 Termasei-

243 3319 309 3368 sara's
333 3333 417 3366 caram
436 3318 584 3382 famamque
606 3313 700 3371 obruit,
717 3312 790 3361 suatt'·
836 3327 919 3361 norum
935 3329 980 3377 pro
998 3323 1047 3363 tum
1063 3323 1222 3365 externorum.
1254 3317 1294 3366 De
1310 3319 1385 3368 tortio

241 3402 343 3465 nuitqua
366 3398 450 3448 malem
474 3393 558 3445 Iulius
582 3391 726 3443 Frontinus.
743 3394 791 3456 {Ita
836 3394 919 3458 aliquo
944 3397 1006 3445 duce
1030 3395 1086 3444 aliis
1110 3409 1209 3460 quoquo
1229 3397 1257 3446 in
1273 3403 1385 3448 montem

242 3497 330 3532 omnes
354 3487 404 3530 tres
428 3478 514 3541 magni
539 3477 613 3525 duces
638 3475 717 3524 multa
733 3487 790 3523 cum
835 3476 1109 3540 renuetcognoviex
1117 3477 1385 3528 subterscribuntur·

241 3565 316 3614 laude
325 3561 472 3611 Britanniae
479 3558 706 3622 praebuere,quum
715 3555 790 3618 Agri·
836 3570 910 3605 neruo
931 3558 1033 3621 quidem
1049 3557 1075 3606 in
1086 3559 1176 3607 Museo
1185 3557 1384 3610 Rbouenanovo

242 3645 298 3695 cola
321 3644 397 3690 istum
422 3641 569 3688 Britanniae
590 3645 682 3688 statum
698 3644 723 3686 et
739 3637 789 3686 bel·
836 3637 901 3686 XII.
922 3643 944 3686 l.
961 3653 986 3700 p.
1005 3643 1045 3687 53.
1062 3639 1206 3700 proximam
1216 3639 1321 3689 Caritatis
1329 3655 1382 3692 suc·

241 3728 324 3776 lorum
347 3723 414 3770 vices
438 3720 589 3770 inveniebat.
623 3719 675 3767 Hic
703 3733 789 3768 aarum
834 3731 956 3766 cessorem
980 3733 1031 3768 nan
1057 3719 1223 3779 Frontinum,
1245 3722 1288 3770 sed
1304 3722 1383 3772 almm

242 3819 328 3856 curam
352 3803 494 3864 famamque
510 3799 599 3848 obruit.
618 3798 719 3847 Tacitus
735 3800 788 3861 qui·
833 3799 975 3861 qnempiam
1000 3799 1114 3866 ignotum
1138 3799 1214 3849 baisse
1231 3802 1380 3864 suspicatur,

242 3890 300 3938 dem
317 3899 368 3935 non
385 3883 457 3940 dicit,
475 3881 518 3930 sed
534 3880 639 3943 cogitat,
657 3885 682 3928 et
695 3879 788 3928 exvita
833 3879 911 3936 nulla,
927 3886 956 3928 ut
972 3880 1086 3942 equidem
1102 3881 1219 3940 arbitror,
1236 3882 1328 3931 idonea
1343 3897 1381 3932 ra·

239 3970 318 4021 soceri
342 3966 458 4027 deinceps
483 3968 591 4024 apparot.
615 3961 655 4008 Ne
671 3960 727 4024 quis
742 3961 787 4008 mi·
832 3959 908 4008 tione.
928 3959 1087 4024 Quanquam
1102 3961 1170 4010 idem
1186 3963 1237 4011 iam
1253 3963 1315 4012 olim
1331 3963 1380 4013 Da·

239 4060 320 4110 retur,
346 4060 387 4096 me
411 4059 445 4094 ex
467 4041 562 4106 quidem
574 4041 679 4091 alterius
695 4041 787 4092 eruisse
832 4039 942 4088 derichio
957 4041 1078 4103 placuisse
1093 4043 1167 4092 videa
1183 4044 1210 4092 in
1224 4043 1378 4094 unumun-

242 4131 273 4188 Ω,
290 4128 368 4179 Atilii
383 4123 459 4189 Rufi,
477 4125 498 4172 is
513 4122 667 4180 recordetur,
684 4122 787 4171 nomine
831 4120 920 4183 tiquar.
948 4127 1020 4182 1839,
1045 4138 1069 4186 p.
1095 4127 1153 4173 8³7.
1176 4124 1231 4174 Neo
1248 4126 1380 4176 Nissenius

239 4213 338 4278 propria
363 4221 435 4270 saepe
460 4211 485 4254 at
507 4204 533 4253 iu
556 4203 611 4252 aliis
628 4203 786 4266 scriptoribus
832 4213 858 4249 se
883 4202 915 4250 ab
939 4201 986 4250 hac
1002 4203 1142 4266 suspicione
1158 4204 1291 4254 abhorrere
1305 4207 1378 4270 prali-

240 4301 265 4342 ct
281 4293 307 4340 in
325 4289 413 4339 Tacito
430 4286 559 4336 evanuisse
575 4286 602 4334 ln
618 4285 695 4334 verba
709 4299 785 4335 asen-
831 4288 897 4331 tetur
913 4296 937 4345 p.
958 4283 1032 4332 154?

240 4373 319 4422 tentia
342 4371 391 4418 loci
413 4381 512 4432 prorsus
529 4367 623 4426 aliena,
641 4366 719 4414 itaut
736 4367 785 4430 ple·
870 4360 958 4412 Curam
978 4366 1126 4429 famamque
1151 4367 1286 4417 obruisset.-
1305 4369 1378 4418 austi-

240 4464 345 4516 urmque
362 4450 480 4514 explicari
497 4463 547 4499 non
564 4446 666 4509 possint.
678 4444 784 4502 daturas
832 4443 930 4509 uultque
951 4445 1033 4495 ruolan
1050 4444 1131 4498 Iulias
1148 4444 1291 4498 maurinae.
1327 4449 1380 4512 Qui
