3074 5310
615 510 782 560 nnnnros.
1206 493 1268 556 199

140 683 201 735 ader
221 690 429 750 perrumperetur.
465 678 541 731 Acies
566 685 650 731 autem
667 679 738 732 facile
754 679 935 745 perrumpitur,
954 675 975 726 si
991 676 1124 740 porrectior
1142 683 1179 727 eet
1194 693 1271 742 qnam

140 770 244 832 densior,
268 771 365 835 longior
388 781 465 834 qnam
488 766 570 816 latior.
605 766 690 828 Quare
715 767 847 818 dimidium
870 767 902 815 do
924 761 1006 812 boote
1022 761 1142 826 dempsit,
1163 763 1271 814 frontem

140 856 238 906 dimidio
261 855 318 906 fecit
337 855 491 914 breviorem,
508 852 640 903 dimidium
658 853 720 904 illud
737 852 857 902 introrsus
873 848 1019 909 collocavit,
1038 850 1117 900 aciem
1134 849 1269 910 introrsus,

139 940 230 992 adiecto
253 941 297 991 illo
323 940 440 1001 dimidio,
465 939 608 1004 duplicavit.
642 939 683 988 Ita
699 937 764 989 iacta
788 945 825 988 est
840 939 922 1003 potius
938 939 990 988 lata
1005 951 1082 1002 quam
1097 937 1191 1000 longe:
1208 950 1270 995 non,

139 1027 216 1091 potius
231 1026 302 1092 longa
316 1043 392 1092 quam
408 1026 470 1076 iata.
505 1022 630 1090 Duplicot
646 1023 771 1074 dimidium
787 1031 824 1074 est
839 1023 920 1074 forms
936 1023 1026 1072 similis
1042 1021 1080 1072 illi
1091 1021 1182 1084 firmat
1197 1037 1271 1087 prae·

139 1110 209 1162 sidia.
251 1111 391 1164 Crevieriue
415 1117 440 1161 et
464 1111 508 1161 alii
532 1109 636 1160 Livium
658 1110 856 1174 reprehendunt,
880 1109 952 1175 quasi
976 1115 1030 1158 tam
1055 1107 1199 1172 imperitum
1223 1107 1271 1156 lin·

139 1210 200 1260 guse
231 1196 352 1258 Graecae,
385 1203 412 1247 ut
445 1212 497 1248 non
522 1196 675 1247 intellexerit
699 1196 869 1260 Polybianum
892 1191 1083 1254 revestitum
1109 1193 1158 1249 ade
1182 1191 1271 1260 anapia·

140 1295 197 1343 σας,
228 1283 334 1334 reddens
361 1297 466 1348 ponere,
499 1296 558 1332 cum
590 1280 715 1332 debuisset
739 1278 872 1331 demittere.
906 1281 996 1331 Livius
1021 1281 1109 1340 medo,
1134 1281 1211 1344 probe
1236 1280 1272 1328 in·

139 1367 239 1420 tellexit.
274 1368 345 1418 Male
360 1368 506 1418 reddidisset
523 1366 664 1423 demittere;
682 1380 741 1416 nam
758 1365 881 1416 demittere
898 1364 996 1426 Motae,
1014 1371 1043 1415 ut
1060 1363 1185 1415 demittere
1202 1381 1273 1415 ormo

139 1456 201 1520 apud
225 1455 295 1504 Hirt.
321 1456 352 1505 de
370 1457 402 1505 B.
419 1453 500 1504 Afric.
517 1458 558 1505 85.
576 1452 702 1503 demittere
719 1467 796 1500 ensem
811 1451 868 1502 sim.
885 1457 923 1501 est
939 1450 1024 1502 hortm
1041 1449 1177 1512 demittere,
1194 1452 1273 1516 euspi-

103 1595 106 1604 ,
140 1541 169 1592 de
191 1540 261 1590 humi
285 1541 418 1602 inclinata,
444 1540 598 1592 salutationis
624 1554 724 1599 caussa,
749 1539 850 1606 qualem
873 1539 994 1590 honorem
1015 1539 1125 1590 minores
1149 1545 1275 1602 praestent

140 1627 278 1678 maioribus.
312 1627 467 1677 Macedones
491 1627 612 1689 gerebant
636 1625 738 1675 sarissas
754 1625 864 1674 humeris
881 1632 981 1676 erectas.
1016 1625 1142 1689 Impetum
1156 1625 1274 1676 fodientes

140 1713 178 1764 vel
192 1727 218 1764 se
234 1713 412 1774 defendentes,
429 1726 471 1761 ees
484 1710 661 1776 proiiciebant,
679 1723 712 1759 ex
725 1709 836 1759 humeris
852 1710 970 1760 demissm
986 1713 1180 1774 protendebant,
1191 1710 1275 1760 rari·

140 1797 224 1859 paler
247 1805 325 1864 atque
349 1801 385 1850 ita
409 1794 615 1865 προύβάλοντο.
651 1793 749 1846 Ponere
771 1795 856 1846 iaetus
873 1796 995 1861 significat
1012 1799 1274 1864 quodbodieeppella

139 1902 190 1938 mus
202 1903 299 1954 ponere
315 1885 351 1936 ad
363 1884 458 1952 pedem,
474 1891 499 1936 et
516 1890 554 1935 est
570 1885 671 1948 signum
686 1882 764 1948 quieti
780 1888 804 1932 et
820 1884 894 1933 vacui
911 1886 1005 1936 militis.
1039 1886 1128 1936 Livius
1144 1886 1171 1935 in
1188 1887 1276 1936 eodem

139 1975 209 2024 verbo
232 1973 297 2024 alibi
320 1978 448 2036 oonuptus
472 1976 518 2022 est.
553 1969 673 2033 Legimus
693 1967 810 2018 XXXV.
828 1973 868 2018 35.
886 1967 983 2020 Ponere
998 1970 1085 2022 Metus
1102 1971 1195 2036 equites
1216 1969 1274 2021 Aie-

140 2075 247 2110 menas
275 2051 361 2118 iubet,¹
380 2067 404 2108 et
428 2071 455 2106 se
478 2055 577 2106 intueri.
620 2051 791 2117 Posteaquam
814 2052 883 2119 (rex)
906 2056 1137 2123 appropinquabat,
1163 2056 1276 2122 impetam

135 2148 213 2212 soeit,
238 2155 262 2197 et
289 2145 411 2208 transfixo
427 2157 488 2207 equo
506 2149 633 2207 tyrannam
650 2138 771 2189 deturbat.
806 2137 928 2190 Iacentem
943 2142 1035 2207 equites
1051 2142 1202 2209 confodiunt.
1234 2145 1275 2196 Ibi

139 2231 276 2284 Glareanus
301 2230 435 2295 accipiebat
456 2242 548 2293 ponere
573 2241 619 2291 pro
644 2226 782 2287 reclinare,
801 2226 919 2291 Sigonius
939 2229 1023 2279 hastas
1039 2228 1170 2280 inuadendi
1186 2247 1276 2281 caussa

137 2318 226 2384 pectori
249 2331 388 2382 apponere.
414 2316 485 2378 Lego
495 2312 632 2380 predicere.-
650 2311 771 2362 Formula
789 2311 847 2377 pila
863 2321 920 2363 ante
934 2313 1010 2380 pedes
1022 2331 1127 2381 ponere,
1143 2324 1172 2366 ut
1187 2317 1276 2381 gladiis

140 2409 229 2454 uatum
244 2408 391 2462 uterentur,
415 2401 465 2451 huc
489 2400 572 2450 miuus
596 2399 712 2463 pertinet.
738 2397 778 2449 ct.
805 2399 862 2449 Liv.
889 2400 936 2450 VI.
965 2406 1002 2450 lt.
1029 2401 1090 2452 vn.
1116 2405 1154 2452 16.
1188 2403 1276 2454 Hastis

139 2489 232 2554 qudem
247 2494 279 2540 et
294 2487 384 2552 gladiis
399 2485 474 2536 simul
489 2499 601 2550 pugnare
617 2499 668 2534 non
684 2489 805 2548 poterant.

167 2662 196 2713 P.
215 2668 276 2713 143.
311 2657 412 2710 Interim
436 2656 542 2724 equitum
567 2666 660 2708 tumme
684 2673 721 2724 sq.
743 2659 826 2708 Locus
850 2657 877 2706 in
902 2655 964 2707 Mes.
986 2658 1022 2708 sic
1038 2659 1137 2724 legitur.
1172 2657 1274 2710 Interim

139 2749 236 2812 equitum
268 2755 375 2806 turmae,
401 2754 428 2795 ut
446 2746 543 2810 sugere
567 2743 713 2805 carimeris,
727 2743 838 2810 peditum
854 2759 881 2792 ee
894 2742 990 2808 proelia
1007 2742 1136 2807 miscuere,
1153 2757 1177 2798 et
1193 2767 1273 2814 quarn·

139 2849 203 2896 quom
218 2835 347 2885 'recentem
363 2841 479 2882 terrorem
495 2829 640 2890 interimant,
658 2829 740 2880 deneis
757 2839 836 2879 tamem
851 2828 953 2879 tornum
969 2832 1104 2895 agminibus
1120 2843 1144 2884 et
1159 2832 1273 2900 inaequa-

139 2918 194 2970 libus
217 2919 284 2970 locis
308 2917 455 2976 torretorre·
480 2919 571 2983 mirque
597 2923 733 2982 equestres,
758 2930 788 2963 ea
812 2913 873 2963 enim
894 2931 994 2980 pugnae
1011 2917 1185 2980 sasierunt,
1203 2937 1274 2984 quam

138 3019 192 3070 epra
214 3006 263 3057 dia
288 3013 333 3054 aut
356 3013 437 3054 stante
461 3003 535 3052 simul
559 3015 672 3067 equorum
697 2996 838 3064 corporibus
862 2997 1042 3064 impellerentur
1048 3021 1058 3059 ,·
1077 3017 1107 3052 ac
1123 3018 1198 3069 saepe
1214 3005 1273 3069 vagi

137 3107 231 3154 curras,
259 3089 378 3140 'eatmmti
393 3088 445 3138 eine
461 3087 595 3138 rectoribus
612 3086 682 3151 equi,
700 3094 856 3150 utquomque
867 3084 981 3149 formido
1000 3086 1103 3148 tulerat,
1122 3095 1274 3139 manmeraoa

137 3177 277 3228 octobrias
292 3174 458 3224 incursabant.
493 3174 565 3224 Haec
580 3173 629 3224 alia
645 3186 743 3237 quoque
759 3170 855 3220 ratione
872 3173 1003 3222 emendare
1019 3179 1189 3224 tentaveram:
1207 3172 1273 3232 Sed,

138 3277 282 3328 quamquam
305 3271 421 3313 recentem
443 3271 560 3312 terrorem
575 3258 722 3318 intulerant,
739 3255 820 3306 densis
837 3264 916 3306 tamen
932 3256 1033 3308 bostium
1049 3258 1183 3324 agminibus
1199 3269 1223 3309 et
1238 3261 1273 3310 in·

138 3349 280 3414 aequalibm
306 3347 364 3398 locis
385 3347 534 3399 haerebunt.-
550 3346 691 3409 mr'nimeqae
704 3361 753 3410 pro
770 3341 861 3392 nostris
876 3353 972 3394 mutata
987 3361 1086 3410 pugnae
1097 3347 1187 3412 facies
1203 3356 1273 3407 erat,

139 3451 205 3498 prum
221 3448 304 3498 aeque
319 3432 411 3484 diuersi
427 3432 545 3483 memmei
560 3439 653 3482 stantes
668 3445 783 3494 equorum
799 3429 941 3495 corporibus
957 3429 1136 3496 impellerentur
1140 3447 1191 3488 ,·ae
1199 3447 1274 3499 saepe

138 3523 192 3587 oapi
213 3518 410 3571 covinnariorurn
430 3517 543 3568 exterriti
558 3519 610 3568 sime
626 3517 761 3567 rectoribus
777 3515 847 3580 equi,
865 3524 892 3566 ut
911 3532 1026 3581 quemque
1036 3516 1150 3583 farraido
1168 3516 1273 3578 tulerat,

139 3615 291 3658 transversos
315 3613 360 3654 aut
383 3605 464 3655 obrias
480 3605 645 3655 incursabant.
678 3603 784 3653 Interim
799 3604 861 3652 dum
878 3603 969 3654 Batavi
985 3610 1009 3654 et
1027 3605 1139 3670 Tungri,
1157 3620 1218 3655 mox
1236 3620 1274 3656 oe·

139 3702 203 3747 terne
227 3694 382 3746 auxiliorum
405 3692 518 3742 cobortes
542 3690 679 3740 Britannos
702 3691 839 3754 repellunt,
855 3690 903 3740 trie
919 3690 999 3741 millia
1014 3692 1142 3758 equitnm,
1158 3693 1274 3742 comibus

141 3783 200 3833 adei
224 3767 355 3832 Romam
380 3776 469 3836 affusa,
486 3775 605 3839 fugavere
621 3776 758 3826 Britannos
773 3775 945 3836 covinnarius,
961 3778 1005 3843 qui
1021 3779 1104 3829 media
1118 3777 1200 3840 eempi
1215 3783 1275 3827 stre·

141 3867 193 3931 pitu
213 3874 240 3919 et
256 3867 368 3916 unomen
384 3863 548 3928 complebant.
567 3862 635 3912 unm
651 3874 677 3912 se
693 3861 849 3912 immiscuera
866 3863 959 3926 proelio
975 3863 1086 3927 peditum
1103 3861 1274 3913 Romanorum

143 3959 167 4001 et
182 3953 372 4002 Britannorum.
404 3950 469 3999 Inde
484 3961 570 3999 reeens
586 3947 688 4012 quidem
703 3950 883 4020 tenor-illatus
900 3953 937 3996 est
954 3949 1092 3999 Britannis.
1127 3949 1179 3999 Sed
1195 3951 1274 4000 aciem

144 4053 229 4089 eorum
251 4049 408 4102 perrumpere
432 4049 484 4085 non
508 4040 654 4098 potnerunt,
678 4035 808 4086 haerentes
832 4036 860 4084 iu
884 4033 946 4084 loeis
961 4034 1133 4100 inaequalibus
1149 4044 1174 4086 et
1190 4039 1275 4088 densis

143 4122 253 4174 hostium
276 4122 424 4187 agminibus.
456 4122 498 4171 Ita
521 4121 604 4186 iacies·
621 4135 719 4184 pugnae
744 4128 797 4171 erat
820 4126 923 4171 mamm.
958 4119 1010 4170 Sed
1034 4135 1064 4171 ea
1081 4123 1186 4172 mutatio
1203 4124 1275 4173 nobis

145 4209 249 4258 minime
272 4208 378 4258 lavabat.
412 4207 479 4256 Nam
503 4207 601 4272 equites
613 4207 692 4256 nostri
709 4207 741 4255 od
756 4207 840 4256 hostes
857 4207 993 4255 Britannos
1008 4209 1138 4270 pervenire
1153 4224 1205 4259 non
1222 4217 1274 4274 pot·

146 4302 228 4354 orant,
254 4294 303 4345 nisi
319 4308 410 4358 magne
427 4309 483 4358 pars
498 4295 566 4344 viam
583 4307 627 4359 per
644 4295 738 4344 medios
754 4307 856 4342 snorum
871 4292 972 4341 ordinas
988 4300 1138 4356 rumperent.
1173 4295 1276 4346 Pedites

146 4378 254 4430 Romani
269 4381 385 4446 quidem,
402 4385 523 4446 quantum
538 4385 653 4442 possent,
669 4379 761 4429 diversi
777 4384 878 4438 euntes,
894 4378 962 4427 viam
978 4378 1100 4442 equitibus
1117 4381 1276 4444 aperiebant,

145 4467 187 4516 sed
204 4481 255 4517 non
272 4480 357 4519 omnes
373 4471 493 4531 poterant.
528 4463 570 4515 Sic
586 4464 612 4514 iu
629 4464 676 4516 isto
693 4465 800 4516 tumultu
817 4472 841 4517 et
858 4466 964 4531 impetu,
982 4471 1033 4516 tam
1049 4464 1092 4531 qui
1110 4479 1135 4516 se
1152 4467 1278 4517 disiunxe·
