3134 5310
669 531 842 580 ionicam.
1282 517 1322 578 27

175 705 235 792 qui
258 699 404 766 militium
429 699 462 762 in
480 697 638 764 lasciviam
665 711 806 773 vertunt,
830 721 934 788 neque
957 700 1094 789 segniter
1117 699 1156 764 nd
1181 699 1323 788 uoluptu-

176 821 224 876 tes
246 818 279 871 et
302 815 496 872 commeatus
519 804 648 868 titulum
672 803 853 870 tribunatus
877 818 908 870 et
931 805 1087 870 inscitiam
1112 805 1241 883 retulit;
1268 805 1322 897 sed

177 953 288 1001 bunetus
312 955 338 997 et
362 947 486 996 inscitiam
507 948 604 1007 retulit,
628 949 672 996 sed
687 949 730 997 bo·
775 949 864 1013 pelium
889 947 985 1008 Sumet,
1011 959 1036 998 et
1061 965 1185 998 occursum
1202 966 1322 1014 nunquam

178 1046 242 1082 nore
266 1046 295 1080 ec
319 1030 416 1090 inuicto,
436 1029 505 1078 ducis
530 1043 556 1077 ee
582 1030 731 1092 perdignum
777 1029 912 1094 trepidabit
937 1032 1019 1090 amici,
1037 1029 1188 1090 lauretus,
1206 1031 1324 1095 ucuirqu

179 1113 310 1178 praestitit.
337 1112 401 1160 Lete
418 1117 485 1172 patet
501 1124 574 1169 usus,
589 1125 637 1174 per
649 1112 730 1174 J'acta
772 1112 847 1175 prior
872 1120 968 1160 annuet.
992 1113 1041 1161 Dio
1059 1112 1159 1161 Cassius
1177 1111 1324 1162 LXXVII.

181 1203 207 1244 et
222 1202 305 1258 pestus
321 1191 670 1255 significandi,quidcogites.
682 1192 730 1240 Te·
778 1198 816 1242 10.
835 1192 978 1242 Caracallus
996 1191 1174 1255 ἀγωνοθέτην
1193 1188 1224 1240 δὲ
1241 1191 1324 1255 ἢτῶν

179 1277 223 1324 cit.
241 1273 360 1324 German.
379 1277 419 1321 29.
438 1269 527 1320 Manet
543 1271 630 1331 bonos,
647 1281 671 1321 ct
688 1289 729 1321 an·
776 1272 960 1342 ἐξελευθέρων
978 1275 1041 1322 τινὰ
1058 1275 1074 1337 ἢ
1093 1273 1147 1320 τῶν
1165 1269 1253 1322 ἄλλον
1270 1273 1324 1322 τῖον

180 1357 269 1418 siquae
285 1353 411 1402 societatis
427 1353 536 1417 tusique.-
554 1369 609 1401 num
625 1369 668 1402 nec
686 1354 729 1402 tri-

180 1437 251 1486 butis
267 1443 458 1494 contemnuntur,
475 1450 518 1482 uec
530 1433 679 1498 publicanus
692 1443 729 1485 at-

182 1520 253 1570 terit.
270 1521 312 1568 ubi
327 1535 351 1568 v,
370 1517 480 1568 Gronov.
498 1517 600 1568 Addam
608 1519 730 1568 nonnulle

179 1601 357 1665 interpretibus
382 1600 424 1648 hie
445 1599 497 1648 illic
512 1599 567 1648 viae
582 1600 667 1662 paullo
684 1601 729 1648 dit-

179 1683 293 1732 ficiliore.
318 1681 470 1745 Propert.1.
489 1695 549 1728 vru.
568 1677 605 1729 Ir't
621 1697 657 1730 me
670 1680 730 1742 defi·

179 1780 238 1814 uum
262 1778 343 1812 uacua
365 1761 478 1826 patioris
501 1776 579 1810 arena
606 1759 732 1811 Crudelem

179 1847 279 1910 insecta
296 1859 372 1908 coepe
387 1857 475 1892 vocure
489 1859 568 1892 manu.
579 1845 732 1892 Aruicucru-

179 1925 733 1985 deliereleiaciebst.Imtnaeamrevooubet,

775 1355 910 1404 seleucim
927 1355 1067 1419 ἐκάθισεν,
1083 1349 1129 1402 ἵνα
1140 1353 1225 1402 καὶέν
1237 1355 1326 1420 τούτῳ

776 1437 967 1502 ἀναλίσκονται·
984 1438 1149 1506 προσεκύνει
1167 1453 1199 1486 τε
1219 1436 1323 1494 αὐτοὺς

778 1521 904 1570 κάτωθεν
935 1521 970 1584 τῇ
995 1522 1108 1584 μάστιγι
1135 1519 1182 1568 καὶ
1209 1521 1327 1586 χρυσοῦς

776 1601 865 1669 ὥσπερ
889 1619 932 1660 τις
954 1603 1009 1652 ’τῶν
1029 1602 1237 1654 ταπεινοτάτων
1252 1602 1325 1666 ᾔτει,

778 1686 939 1735 Cesaubonns
965 1688 996 1734 ari
1023 1687 1194 1750 Capitolinum
1219 1685 1246 1734 iu
1265 1687 1327 1736 Vite

778 1768 842 1816 Veri
865 1767 957 1816 sutotur
973 1782 1000 1816 se
1017 1769 1125 1826 nescire,
1142 1767 1203 1831 quid
1220 1767 1270 1816 Dio
1285 1783 1327 1816 vo·

777 1856 815 1898 cet
840 1855 1005 1915 προσκυνεῖν
1022 1853 1058 1912 τῇ
1083 1849 1210 1911 uenturo:
1230 1848 1326 1898 Selme-

779 1932 829 1980 sins
854 1933 1042 1994 interpretatur:
1070 1930 1247 1979 uCaracelluru
1264 1931 1328 1980 auri-

179 2011 253 2073 signa
278 2010 341 2057 dans
366 2021 455 2065 manu,
477 2013 506 2054 ut
522 2007 554 2054 ed
570 2007 628 2056 litus
652 2021 734 2056 rever·
778 2027 825 2075 gae
846 2013 946 2069 habitu,
964 2027 1040 2060 manu
1056 2011 1184 2074 flagellum
1199 2016 1328 2059 tenentem

127 2131 131 2138 .
181 2097 282 2140 teretur.
301 2089 376 2151 Virg.
395 2089 462 2138 Aen.
481 2087 617 2138 vilicae.
634 2087 734 2154 Repirra
779 2107 812 2142 ex
837 2093 954 2142 interiore
976 2098 1046 2156 parte
1063 2093 1177 2141 edorssse
1194 2091 1328 2154 agonothe-

182 2175 210 2224 ia
224 2173 301 2224 medio
314 2171 403 2237 patrio
418 2179 490 2220 vocet
506 2171 734 2235 spontaneorum
778 2181 830 2233 tos,
857 2181 881 2223 et
907 2188 995 2223 eurum
1019 2173 1169 2236 postulasse3
1194 2172 1242 2222 hoe
1258 2173 1328 2222 enim

182 2271 207 2304 v.
235 2259 290 2306 712.
324 2253 415 2302 Nilum
440 2250 641 2315 Pandentemque
665 2253 734 2302 sinus
780 2269 833 2304 esse
850 2259 1015 2322 προσκυνεῖν
1033 2257 1068 2318 τῇ
1085 2254 1212 2317 μάστιγι,
1228 2254 1328 2317 flagello

181 2347 207 2388 et
232 2345 286 2386 totu
309 2342 376 2384 ueste
400 2341 524 2382 vocantem
549 2333 684 2382 coeruleum
709 2335 734 2382 r'n
779 2339 817 2386 ori
842 2340 942 2388 admoto
963 2340 998 2387 sic
1015 2336 1145 2386 adorare.''
1164 2337 1260 2386 Eadem
1277 2337 1329 2386 fere

181 2418 307 2484 premium.
326 2417 413 2466 Veler.
432 2414 537 2463 Flaccus
553 2413 733 2464 Instaba-
778 2420 867 2482 repetit
892 2421 924 2468 ad
950 2420 1088 2482 Vopiscum
1112 2420 1139 2466 in
1166 2417 1228 2465 Vite
1251 2417 1329 2466 Pnobi

183 2501 234 2552 lius
249 2498 289 2548 tic
307 2497 375 2561 lorsqu
399 2494 514 2546 candenti
530 2496 555 2545 in
571 2505 636 2545 veste
654 2512 734 2544 suem·
781 2504 821 2548 23.
847 2500 938 2548 Haesit
961 2501 1001 2548 vir
1025 2500 1151 2549 excellens
1174 2499 1200 2546 in
1218 2511 1329 2564 προςιυ·

184 2580 230 2630 doe
260 2577 372 2628 Occurrit
397 2593 512 2640 ramoque
535 2585 614 2626 vocar.
645 2578 734 2640 Longe
779 2586 852 2639 νεῖν,
874 2581 945 2644 quasi
962 2581 999 2629 nil
1015 2582 1083 2630 aliud
1100 2580 1236 2644 significet,
1253 2593 1330 2644 quem

185 2663 290 2712 occurrit
315 2661 434 2724 Argivis,
451 2673 541 2722 eosque
557 2674 641 2717 remo,
658 2671 734 2722 quem
780 2661 902 2720 adorare,
927 2661 1025 2725 proprie
1050 2663 1158 2720 dictum,
1181 2676 1232 2711 non
1249 2676 1328 2710 recor·

183 2759 261 2794 menn
286 2743 400 2800 tenebat,
425 2747 512 2799 vocat,
529 2747 557 2788 ut
574 2741 733 2798 secederent,
779 2746 851 2793 dotus
868 2744 908 2792 vel
926 2743 1031 2806 Nepotis
1047 2743 1074 2790 in
1092 2741 1262 2800 Conone‚ubi
1275 2743 1329 2790 red«
1420 2748 1428 2768 ‘

184 2840 259 2876 remo
278 2825 358 2872 utitur
381 2837 427 2885 pro
451 2835 520 2871 voce.
539 2821 594 2869 Alii
611 2821 734 2883 accipiunt
779 2827 843 2874 didit
876 2825 967 2874 Latine
990 2822 1105 2872 venerari
1131 2836 1217 2885 rogem
1242 2823 1330 2872 Persea

185 2915 271 2965 owni,
293 2906 385 2954 lectum
402 2905 429 2952 in
447 2903 502 2952 Ms:
521 2902 642 2952 Heinsius
658 2903 734 2950 eonii·
779 2923 848 2965 rum,
864 2906 932 2970 qnod
947 2904 1036 2954 Graeci
1051 2909 1215 2969 προσκυνεῖν
1229 2911 1328 2953 vocant.

185 2987 220 3038 uit
244 2986 325 3050 ripert,
351 2985 391 3033 vel
416 2984 545 3038 irrorans,-
572 2983 734 3032 Burmannus
781 2986 953 3053 Προσουνεῖν
973 2987 1009 3048 τῇ
1026 2985 1139 3045 μάστιγι
1155 2991 1204 3043 est,
1221 2992 1250 3032 ut
1266 2985 1330 3033 mili

185 3068 228 3116 hic
243 3072 321 3124 lacet,
337 3080 394 3114 eum
410 3071 495 3114 tamen
512 3063 619 3113 Similem
637 3063 735 3114 vulerii
780 3075 817 3118 tes
842 3082 914 3125 ense,
939 3073 967 3114 ut
993 3066 1122 3128 Poplicola
1144 3066 1188 3114 ille
1205 3064 1330 3114 submissis

187 3161 290 3197 versum
313 3147 348 3194 V.
373 3151 428 3196 438.
455 3143 582 3210 Nudaque
597 3154 668 3194 vocat
685 3144 735 3194 dux
774 3150 906 3215 fascibus,
940 3149 975 3196 its
1007 3147 1115 3198 demisso
1138 3145 1238 3210 flagello
1264 3145 1330 3196 salu,

188 3232 290 3296 cymino
318 3229 404 3280 dextra
431 3237 497 3280 recte
528 3237 653 3294 comperet
677 3244 734 3278 cum

189 3314 334 3376 Virgilieuo
346 3311 432 3376 patrio
448 3319 520 3360 vocnt
535 3312 634 3374 upmina
650 3311 733 3360 sistro.

186 3393 318 3446 Interdum
334 3410 386 3442 vox
394 3408 450 3442 curu
460 3399 531 3455 gestu
539 3392 662 3454 iungitur:
673 3391 734 3440 Sue-

187 3485 239 3528 ton.
258 3476 348 3526 Claud.
359 3480 397 3524 12.
407 3471 507 3536 Easque
514 3473 658 3538 spectacula
667 3472 735 3520 eden-

190 3568 237 3618 tes,
254 3573 357 3622 serpens
374 3555 468 3620 etipse
485 3569 537 3602 curn
554 3563 636 3602 cetera
654 3555 734 3613 turbu,

188 3656 244 3688 noce
268 3656 299 3690 nc
322 3653 394 3686 manu
410 3644 539 3684 veneratus
556 3643 601 3684 est.
619 3635 734 3684 Frontiu.

190 3719 297 3784 Struteg.
319 3719 342 3768 Ι.
361 3733 398 3767 tv.
417 3723 457 3766 33.
480 3715 537 3765 Cum
554 3717 656 3767 relictus
673 3717 735 3764 emi·

189 3803 272 3852 litibus
297 3799 398 3864 quidum
422 3815 439 3848 a
464 3805 532 3846 terra
553 3814 610 3847 voce
627 3806 651 3846 et
666 3806 735 3862 peste

189 3881 373 3948 expostularet,
390 3881 428 3930 uti
445 3879 579 3928 tolleretur.
595 3880 690 3928 Eadem
700 3893 736 3927 ra-

190 3966 257 4014 tione
282 3963 376 4011 milites
400 3962 475 4010 armis
497 3961 620 4009 salutant:
639 3961 738 4010 Hirtius

191 4046 222 4096 R.
250 4044 332 4094 Afric.
350 4047 392 4093 85.
414 4042 499 4092 Armis
516 4041 627 4090 demissis
645 4041 738 4090 saluta-

191 4128 278 4176 tionem
302 4139 368 4174 ruore
392 4123 498 4173 militari
509 4122 622 4186 fuciunt.
642 4123 737 4172 Lucan.

190 4209 241 4258 lv.
270 4211 325 4257 173.
348 4203 454 4254 Tantum
470 4213 530 4254 autu
547 4212 657 4267 motoque
674 4203 738 4252 sulu-

192 4297 245 4339 tant
270 4287 340 4338 Ense
364 4304 429 4336 suos.
448 4287 560 4348 Aurigae
574 4285 682 4336 salutent
698 4285 740 4334 fla·

192 4371 266 4434 gello.
299 4370 428 4419 Discimns
458 4383 492 4418 ex
517 4368 636 4418 Iuvenale
663 4367 737 4418 Satir.

194 4453 272 4502 VIII.
293 4457 349 4502 151.
372 4451 449 4502 Clara
466 4448 607 4500 Lateranus
624 4448 676 4498 luce
689 4448 740 4512 fla·

781 3241 847 3291 ture,
864 3230 985 3280 venerari.

821 3311 930 3362 Titulum
947 3311 1085 3361 tribunatus
1094 3321 1117 3361 et
1125 3311 1253 3360 irucitiam.
1272 3312 1330 3362 We·

779 3397 838 3446 xius
862 3395 948 3444 multis
973 3395 1004 3442 de
1027 3395 1083 3443 loeo
1099 3393 1193 3442 difficili
1209 3393 1330 3454 disputat,

781 3479 887 3526 aliorum
902 3475 1032 3538 opiniones
1047 3473 1152 3533 refutet,
1169 3473 1331 3534 lpsetandem

782 3557 931 3608 sententiam
947 3556 994 3604 sibi
1010 3555 1130 3618 reperisse
1138 3555 1236 3603 vitietur
1244 3552 1332 3602 deletis

781 3653 857 3701 neque
873 3636 989 3700 sepuiter.
1015 3637 1071 3700 Ego
1083 3634 1332 3700 plnrsessedelenda

778 3717 1331 3782 censeo,orta,utsemper‚exglossisplerum·

782 3815 830 3865 qne
847 3800 1033 3863 marginalibus.
1051 3800 1200 3862 Legendum
1212 3797 1331 3846 coniicio:

783 3881 840 3930 Nec
865 3878 1000 3945 Apricola,
1022 3895 1087 3928 neore
1104 3879 1226 3935 iuvenum,
1243 3877 1279 3926 ad
1294 3894 1332 3925 υσ-

784 3963 894 4027 luptates
911 3969 935 4009 et
953 3969 1095 4009 cominentus
1114 3957 1210 4006 titulum
1227 3956 1333 4006 tribuua-

786 4053 824 4093 tus
850 4051 873 4092 et
899 4041 1019 4091 inscitiam
1044 4038 1137 4090 retulit.
1157 4037 1276 4086 Instituta
1297 4039 1333 4087 rei

784 4125 912 4182 militaris,
930 4131 958 4172 ut
975 4123 1030 4172 aliis
1047 4120 1172 4178 vitiis,ite
1180 4117 1227 4166 hoc
1236 4133 1335 4182 quoque

784 4206 943 4261 laborabant,
965 4209 993 4251 nt
1014 4204 1128 4258 invenes,
1150 4212 1241 4262 genere
1262 4213 1334 4263 eque·

785 4285 829 4333 etri
853 4285 894 4333 vel
919 4284 1055 4342 senatorio,
1081 4281 1164 4329 locum
1180 4279 1334 4341 obtinerent,

785 4380 834 4428 quo
860 4365 956 4414 Plebeii
972 4378 1044 4420 raro,
1062 4375 1109 4410 nec
1125 4360 1174 4410 nisi
1190 4375 1235 4424 per
1250 4364 1333 4413 varios

786 4448 876 4511 gindus
902 4454 925 4496 et
948 4444 1057 4508 insignis
1079 4442 1181 4507 peritiae
1198 4451 1223 4494 ct
1240 4444 1334 4500 fortitus
