3134 5310
253 540 293 600 ⁶3⁰2
672 545 827 594 coaraarr
852 547 963 594 racrrr

249 721 397 788 senatorii
432 717 571 792 ordinis,
593 715 696 782 studio
720 715 921 804 eloquentiae
944 715 1180 804 sapientiaeque
1204 729 1321 795 natus,
1346 720 1402 784 iis·

248 851 311 918 quo
343 827 417 915 ipsis
441 822 608 889 virtutibus
640 823 719 888 iram
746 820 816 886 Gaii
841 819 982 887 (laeseris
1005 822 1157 901 meritus;
1185 844 1328 911 namque
1351 824 1400 890 Μ.

247 933 392 1000 Silanum
429 950 576 995 accusare
604 928 723 1003 iussus,
749 938 802 1004 et,
828 926 902 1014 qnia
927 926 1102 1005 abnuerat,
1127 928 1314 994 interiectus
1337 942 1399 996 est.

246 1039 350 1105 Mater
372 1036 456 1102 Iulia
488 1033 622 1098 Procilla
657 1031 735 1106 luit,
758 1053 847 1096 rarae
878 1032 1039 1096 castitatis.
1070 1033 1106 1096 ln
1131 1032 1226 1097 huius
1250 1035 1324 1098 sinu
1347 1035 1399 1099 in-

246 1143 472 1232 dulgentiaque
507 1137 658 1204 educatus
693 1159 749 1226 per
780 1158 905 1202 ornuern
941 1135 1144 1202 honestarum
1181 1138 1298 1202 artium
1325 1141 1399 1204 cul·

245 1262 314 1314 tum
348 1247 515 1337 pueritiam
550 1242 856 1328 adolescentiamque
888 1242 1050 1330 transegit.
1085 1241 1224 1306 arcebar
1255 1265 1330 1308 carn
1355 1244 1399 1308 ab

245 1353 401 1420 illecebris
432 1351 654 1441 peccantium,
679 1358 804 1436 praeter
827 1347 923 1434 ipsius
947 1347 1062 1411 bonam
1088 1347 1312 1437 integramque
1337 1372 1398 1414 na-

241 1536 436 1604 foecanditatit.
454 1536 550 1586 Ductus
562 1533 690 1582 literarum
699 1533 725 1582 in
729 1533 797 1598 serni
843 1548 919 1596 qnae.-
954 1534 1106 1584 scribebatur
1129 1533 1220 1598 pene'e.
1256 1533 1310 1596 Qui
1336 1531 1398 1586 We·

180 1669 192 1692 ,
245 1634 289 1670 sen
300 1606 353 1683 sei
363 1624 387 1667 et
398 1618 448 1682 sni
464 1619 491 1666 in
510 1616 635 1666 Mas.va
652 1615 778 1664 differunt.
842 1615 914 1662 xium
939 1630 990 1664 non
1015 1615 1116 1678 legerit,
1141 1615 1162 1664 is
1179 1615 1267 1662 dubito
1284 1630 1317 1664 an
1336 1618 1398 1665 satis

280 1698 350 1755 Quae
376 1698 497 1763 equestris
522 1695 637 1746 nobilitas
663 1704 707 1745 est.
726 1695 797 1744 Haec
842 1702 908 1744 recte
941 1697 973 1744 de
1006 1695 1154 1745 coniecturis
1187 1697 1250 1744 meis
1284 1697 1398 1746 indicere

245 1789 272 1830 et
288 1781 418 1845 sequentia
433 1781 507 1830 valde
523 1785 638 1842 oonupta
654 1784 719 1826 sunt.
729 1777 797 1826 Nam
842 1778 927 1840 possit.

248 1877 329 1927 neque
355 1863 476 1927 equestris
504 1860 621 1912 nobilitas
644 1866 710 1909 recte
726 1859 797 1908 intel-
877 1855 1007 1908 Nobilitas
1024 1867 1069 1906 est.
1087 1859 1158 1908 Hinc
1174 1859 1221 1908 leci
1239 1857 1396 1910 nobilitante.

252 1944 298 2008 ligi
322 1950 415 2010 potest,
432 1958 491 2004 nec,
508 1945 530 1992 si
545 1948 638 2008 potest,
655 1949 680 1991 et
696 1956 729 1990 ex
744 1957 797 2005 pro·
844 1938 980 1990 Graecinus
1009 1953 1039 1988 eo
1069 1941 1150 1988 studio
1175 1941 1226 1988 Iam
1243 1939 1276 1987 ab
1292 1940 1398 1989 ineunte

251 2028 390 2084 curatione,
408 2040 485 2090 quam
500 2031 634 2082 memoret,
651 2036 739 2072 revera
754 2036 798 2070 no·
843 2027 923 2070 aetate
948 2021 1054 2080 nobilis,
1071 2021 1167 2069 clarum
1183 2035 1282 2084 qnoque
1299 2035 1396 2070 nomen

248 2109 332 2158 bilitas
357 2109 480 2172 quaedam
496 2106 579 2155 ordini
595 2103 702 2168 equestri
717 2103 798 2152 conci·
844 2103 909 2166 apud
933 2109 1044 2166 posteros
1061 2103 1164 2166 adeptus
1181 2109 1226 2150 ert.
1263 2102 1397 2151 Transtuli

246 2191 363 2246 tiaram,
383 2189 484 2237 Tacitus
496 2201 608 2236 mnsam
615 2186 797 2242 habebat,cur,
843 2185 876 2234 ad
892 2198 965 2234 suum
980 2185 1076 2233 locutu:
1093 2182 1176 2232 stadio
1192 2183 1396 2246 eloquentiane

244 2271 313 2334 quod
340 2270 444 2318 lectores
460 2283 512 2317 nou
529 2268 686 2330 ignorarent,
703 2266 739 2312 ite
755 2279 797 2312 ex·
840 2266 1000 2332 pientioeqne
1025 2264 1176 2314 nobilitatus.
1219 2265 1296 2326 Quod
1321 2265 1396 2314 libra-

246 2351 356 2414 plicaret.
387 2349 494 2400 Wexius
510 2349 586 2397 verba
601 2348 672 2395 uncis
689 2347 796 2395 inclusit.
843 2349 893 2396 rius
918 2347 1054 2411 supplevit,
1072 2355 1151 2406 notus,
1168 2347 1227 2410 qula
1243 2345 1327 2395 studio
1344 2347 1396 2396 tale

250 2433 290 2480 Ac
308 2430 411 2480 sonasse
427 2429 517 2478 melius
534 2434 587 2477 erat
600 2427 797 2492 cumsequi,vel
843 2429 938 2492 aliquid
953 2429 1107 2492 postulabat,
1120 2425 1396 2492 parumestproGrae-

248 2511 330 2576 potius
342 2512 390 2560 ista
399 2512 489 2560 datare.
500 2509 620 2573 cogitans
629 2516 712 2558 tamen
721 2521 796 2572 quarn
842 2511 907 2558 cino.
934 2509 1030 2560 Seneca
1054 2509 1094 2559 Do
1116 2508 1206 2560 Bauet'.
1233 2509 1272 2558 11.
1298 2514 1340 2558 21.
1365 2507 1397 2558 Si

250 2593 341 2642 misere
359 2592 422 2640 Msa.
439 2591 513 2640 huius
529 2591 621 2650 libelli,
637 2591 721 2641 verbis
737 2605 797 2653 quo·
843 2591 950 2656 exemplo
975 2591 1057 2655 rnoan'
1082 2590 1158 2640 aniam
1182 2607 1244 2655 opus
1271 2599 1322 2650 est,
1340 2600 1394 2640 nta-

250 2687 299 2740 que
321 2673 444 2736 trajectis,
460 2671 591 2736 inquinata
606 2672 668 2730 sint,
685 2669 795 2719 conieci:
842 2691 895 2724 nar
915 2671 1033 2722 Graecini
1050 2671 1121 2732 Intr'i,
1139 2672 1189 2721 viri
1206 2672 1395 2736 apropinqeem

258 2753 394 2818 Utramque
415 2769 485 2802 cantu
499 2759 687 2818 procuratorem
709 2749 797 2799 Caesa·
849 2755 874 2804 C.
906 2751 999 2803 Caesar
1024 2753 1128 2813 occidit,
1150 2741 1221 2817 'qaod
1243 2753 1282 2802 vir
1308 2751 1395 2802 naele’or

250 2836 289 2890 ris
312 2834 398 2883 inbuit
415 2849 504 2898 penere
520 2833 636 2896 equestri.
656 2830 737 2880 Peter
755 2828 797 2880 In·
843 2844 911 2895 erat,
943 2851 1015 2899 qnam
1043 2851 1096 2884 esse
1122 2849 1264 2898 quemqnam
1289 2843 1394 2900 tyrannio

251 2917 300 2968 lina
327 2913 607 2967 &aeaeae-sererent
623 2911 730 2972 ordirsa's,
748 2919 798 2962 rne-
843 2916 979 2983 earpediret.
1006 2917 1087 2968 Addit
1114 2916 1211 2968 Seneca
1235 2916 1302 2966 dicta
1325 2917 1394 2968 illius

250 2999 292 3050 dio
314 2998 466 3063 eloquentiae
483 2995 669 3064 sapientiaeque
685 2993 797 3044 nobilita·
842 3001 922 3050 libera
947 3005 971 3049 et
996 3007 1083 3059 acute,
1107 3014 1171 3064 quae
1195 3005 1320 3048 testantur
1341 3015 1393 3050 non

252 3090 305 3140 tus,
330 3081 410 3144 iisqne
436 3079 499 3146 ipsis
516 3080 579 3128 iram
599 3075 660 3128 Gan·
681 3075 798 3126 Caesaris
842 3083 917 3130 modo
934 3083 1063 3131 inimicum
1080 3082 1160 3140 vitiis,
1176 3081 1393 3144 sedetiemprom-

250 3162 367 3216 meritns;
385 3162 561 3211 Procuratores
577 3157 797 3208 iamindeabAu-
842 3172 912 3227 ptum
938 3169 963 3212 et
987 3163 1121 3212 &eundum
1145 3163 1283 3212 hominem.
1319 3159 1394 3212 Colu-

251 3249 325 3306 gusto
341 3248 412 3291 erant
428 3242 468 3290 vel
486 3240 580 3304 equites
593 3239 797 3288 vellibertr'.Dio
843 3246 920 3294 melle,
948 3246 980 3293 de
1010 3245 1049 3293 Re
1078 3243 1182 3293 Ruscino,
1207 3245 1230 3292 Ι.
1258 3248 1279 3292 1.
1305 3245 1393 3294 leudes

253 3323 353 3374 Cassius
371 3323 449 3371 LIII.
470 3326 508 3370 15.
526 3328 610 3370 narrat
627 3335 685 3368 eum
701 3321 727 3368 iu
744 3335 798 3382 pro·
843 3334 973 3392 paecepta
1001 3327 1069 3376 illius
1099 3328 1130 3376 de
1154 3326 1233 3376 vineis
1257 3325 1395 3376 admodum

251 3405 346 3454 vincias
370 3401 496 3468 tarnfsuus
512 3417 587 3466 quarn
604 3401 689 3465 populi
702 3402 798 3449 misisse
838 3411 929 3474 facete
954 3416 978 3456 et
1004 3405 1099 3456 erudite
1117 3407 1259 3471 composita.
1294 3407 1329 3454 Et
1346 3405 1394 3456 eio-

251 3485 414 3556 ἐπιτρόπους
431 3486 497 3541 τοὺς
513 3483 563 3546 μὲν
580 3482 797 3548 turbarentur,
845 3489 946 3552 quentia
970 3487 1087 3538 Graecini
1112 3489 1139 3536 in
1163 3487 1212 3536 hoc
1237 3501 1330 3550 genere
1351 3503 1393 3552 ag·

251 3569 317 3626 eree
343 3566 375 3617 δὲ
402 3568 450 3616 καὶ
476 3567 505 3616 In
523 3567 578 3616 τῶν
594 3563 797 3632 ἆπελευθῦρων,
844 3571 953 3619 noscitur
969 3570 996 3618 in
1012 3570 1133 3633 particula
1143 3570 1203 3618 satis
1211 3568 1395 3633 ample‚quam

251 3654 310 3715 Ipse
336 3650 460 3700 Traianus
484 3650 590 3698 habebut
614 3655 797 3713 procuratorem
845 3652 915 3701 affert
941 3650 1039 3701 Colum.
1066 3651 1120 3700 III.
1147 3655 1185 3698 12.
1204 3649 1255 3698 IV.
1273 3655 1297 3698 3.
1317 3650 1396 3700 Pater

250 3735 368 3783 libertum
402 3731 558 3789 Maximum,
591 3744 666 3793 quem
700 3729 798 3778 Plinius
844 3732 961 3783 Graecini
977 3746 1089 3796 quoque,
1106 3737 1250 3795 procuretur
1270 3730 1393 3792 Caesaris,

251 3816 331 3880 Epist.
358 3813 393 3862 X.
420 3815 458 3862 17.
475 3811 619 3861 testimonio
634 3811 796 3874 prosequitur.
843 3815 920 3878 probe
949 3812 1116 3876 iutelligebat,
1147 3813 1208 3876 quid
1237 3811 1328 3861 laceret
1360 3813 1395 3862 ad

251 3900 307 3948 Iam
337 3893 477 3960 pertinebat
502 3895 533 3942 ad
559 3893 659 3941 laudern
684 3893 797 3954 generis,
843 3894 935 3944 fundos
967 3894 1047 3942 vineis
1073 3895 1138 3943 baua
1162 3894 1342 3952 conserendas,
1367 3908 1393 3942 v.

249 3996 300 4046 quo
316 3974 798 4039 ortuseratAgricola,habuisseavum
845 3975 943 4026 Colum.
969 3976 1020 4024 IV.
1047 3981 1070 4024 3.
1096 3975 1206 4025 Maiores
1222 3975 1299 4037 igitur
1316 3974 1395 4036 Agri-

249 4069 382 4128 paternum
407 4065 431 4108 et
455 4063 597 4106 maternum
613 4062 797 4119 procuratorem
843 4058 912 4106 colae
937 4065 1008 4106 eraut
1032 4056 1134 4116 mstici,
1158 4055 1308 4118 locupletes,
1325 4056 1394 4118 equi-

251 4144 364 4196 anran's
413 4139 537 4204 Augusti,
580 4152 671 4202 eosque
703 4138 797 4186 ordInis
843 4146 893 4198 tea,
917 4138 1046 4188 litaramm
1070 4137 1225 4186 humanitate
1241 4137 1349 4195 excidii,
1365 4143 1396 4184 ut

250 4227 383 4290 equestris,
414 4237 465 4272 nou
490 4222 600 4270 libertos.
635 4219 687 4280 Qui
711 4219 799 4282 legerit
844 4222 870 4270 iu
895 4220 941 4270 illa.
957 4219 1054 4269 Galliae
1070 4219 1242 4268 Narbonensis
1257 4224 1340 4281 parte,
1357 4218 1395 4266 vi-

250 4307 386 4364 Wexium,
417 4311 489 4354 acute
514 4309 538 4352 et
563 4303 635 4351 docte
659 4303 691 4350 de
715 4315 798 4349 emen·
844 4302 901 4350 cina
919 4302 1054 4350 Massilita.
1073 4301 1189 4349 Fortasse
1205 4305 1275 4362 pater
1293 4297 1394 4348 Graeci-

250 4388 334 4438 danda
348 4387 469 4436 librorum
486 4384 607 4449 scriptura
619 4385 798 4440 disserentem,
845 4397 892 4431 nus
933 4384 986 4433 filio
1016 4396 1156 4446 cognomen
1188 4379 1322 4444 Agricolae
1356 4380 1395 4428 in-

251 4485 302 4520 non
319 4469 449 4520 mirabitur
466 4482 498 4519 ex
514 4483 601 4531 ponere
618 4467 678 4517 oriri
692 4466 799 4529 potuisse
845 4465 920 4524 didit,
952 4466 1004 4528 ipse
1030 4466 1205 4526 agriculturam
1237 4475 1341 4522 amans,
1366 4470 1396 4512 ut
