3134 5310
641 529 816 577 aenreoaa.
1254 510 1299 574 69

161 705 266 772 Addita
296 704 428 790 insuper
452 712 671 774 veteranorum
697 697 832 762 colonia.
884 694 1046 780 Quaedam
1071 695 1211 760 civitates
1237 691 1298 760 (to-

161 811 301 900 gidumno
324 807 406 894 regi
429 805 563 869 donatae
588 803 625 892 (is
649 801 687 866 ad
712 813 849 866 nostram
875 822 976 888 usque
999 800 1187 865 memoriam
1211 798 1299 866 fidis·

163 917 249 980 simus
271 913 421 1001 mansit),
446 922 550 976 aeteae
582 931 618 972 ae
647 905 855 996 iampridem
880 917 1006 995 recepta
1030 905 1139 995 populi
1164 905 1299 971 Romani

164 1017 401 1093 consuetudine,
427 1027 462 1079 ut
485 1014 617 1080 haberet
640 1014 849 1078 instrumenta
873 1012 1029 1076 servitutis
1052 1023 1084 1076 et
1101 1033 1201 1099 reges.
1227 1010 1299 1076 Mor

166 1124 262 1190 Didius
293 1121 405 1188 Gallus
440 1131 529 1208 parta
554 1142 570 1182 a
595 1117 752 1206 prioribus
788 1117 964 1195 continuit,
989 1116 1098 1205 paucis
1128 1115 1299 1182 admodum

158 1385 238 1448 sama,
262 1399 320 1449 ape,
347 1384 505 1433 emeratioue
524 1383 610 1447 potius
627 1399 705 1431 omnes
751 1382 804 1440 ita,
822 1379 921 1429 baberet
937 1380 964 1428 in
981 1378 1111 1440 iubentur,
1129 1393 1227 1428 cursum
1245 1394 1298 1428 ora·

164 1463 338 1513 destinabantur
374 1464 494 1529 imperio,
529 1479 601 1526 quam
635 1478 705 1527 quem
750 1462 826 1512 tionis
850 1461 931 1512 multo
956 1461 1134 1523 elegantiorem
1160 1461 1298 1523 Tacitoque

161 1546 288 1610 principun
307 1548 422 1611 fortuna
447 1546 473 1594 in
490 1544 583 1594 occulta
600 1545 703 1592 tenebat.
749 1544 829 1606 magis
854 1543 989 1605 proprium.
1026 1541 1097 1602 Quae
1122 1541 1185 1592 mihi
1201 1544 1228 1590 in
1245 1542 1297 1590 rul-

163 1626 223 1676 Hist
247 1626 284 1676 11.
308 1632 331 1676 1.
358 1625 477 1676 Struebat
490 1626 539 1674 iam
550 1628 662 1691 sartura
678 1626 704 1674 in
749 1625 813 1687 gatis
838 1623 982 1686 displiciunt,
1007 1622 1069 1671 haee
1094 1629 1164 1672 sunt:
1181 1623 1258 1672 rerba
1275 1622 1298 1670 is

163 1705 251 1754 diuersa
271 1715 351 1771 parte
377 1716 513 1766 terrarum,
540 1707 613 1757 initia
635 1723 703 1755 eaus—
750 1703 785 1752 od
809 1713 916 1752 nostram
941 1717 1017 1766 usque
1041 1704 1179 1753 mestorium
1198 1702 1297 1765 fidissi·

163 1801 242 1849 sasque
257 1787 370 1852 imperio.
388 1789 426 1838 11.
445 1793 485 1838 69.
501 1786 660 1853 Principium
668 1788 703 1836 in·
749 1788 801 1833 mus
822 1785 912 1833 mansit
936 1799 1004 1833 nune
1028 1799 1116 1848 param
1138 1785 1296 1847 significent,

164 1874 223 1916 terno
245 1868 317 1917 amul
343 1877 491 1932 exteraque
512 1869 573 1919 bello
587 1870 702 1934 paranti·
749 1871 774 1914 et
798 1864 989 1928 interponuntur
1013 1871 1141 1930 tamquam
1163 1864 1297 1927 Cogidum-

162 1947 201 1996 bua
214 1950 291 2012 fatis.
317 1951 400 1999 Miror
414 1951 549 1999 nonnullos
564 1952 650 2014 poetas
667 1951 702 1998 in·
748 1961 796 1995 nus
817 1948 935 1996 modain
952 1947 1058 1995 uenatu
1074 1947 1107 1994 ob
1123 1947 1199 1994 fidem
1213 1947 1296 1996 laude·

162 2029 249 2079 tardum
272 2032 389 2080 homines
414 2033 557 2091 induxisse,
575 2037 703 2094 tamquam
748 2033 801 2087 tur,
827 2033 900 2092 atque
925 2027 980 2086 alii,
1006 2028 1065 2076 licat
1081 2027 1187 2089 imperio
1201 2027 1296 2077 maiore

163 2110 221 2158 viam
236 2112 291 2161 latis
306 2119 491 2172 monstrantes,
509 2113 579 2176 quasi
597 2111 702 2174 ipaaali·
748 2110 826 2168 aucti,
851 2109 934 2158 minus
958 2109 1003 2158 fidi
1018 2109 1164 2158 manserint.
1182 2107 1242 2156 Non
1259 2115 1296 2158 est

162 2195 195 2238 ter
208 2207 256 2242 non
272 2195 436 2244 invenissent.
468 2194 510 2243 Ita
527 2195 613 2242 Valar.
631 2192 701 2240 Flau-
747 2195 888 2252 vinculum,
913 2209 963 2258 quo
987 2195 1034 2243 ista
1058 2206 1116 2241 eum
1137 2189 1296 2254 sequentibus

162 2285 199 2320 our
215 2274 260 2323 VI.
278 2280 337 2324 204.
354 2272 437 2337 Equis
441 2281 518 2338 pater
526 2281 634 2322 armento
642 2289 702 2335 quos
747 2281 933 2324 connectantur.
969 2276 998 2325 Si
1014 2275 1076 2324 dicis
1091 2279 1193 2337 receptu
1206 2269 1297 2336 populi

162 2351 222 2402 diues
235 2357 264 2404 ab
280 2354 702 2419 omniNutrierat,satispueuiam
747 2355 855 2406 Romani
879 2356 1063 2415 consuetudine,
1089 2369 1118 2404 ea
1142 2355 1295 2404 consuetudo

162 2443 299 2484 mautrarat
325 2435 427 2498 iniquis.
454 2436 520 2499 Equi
545 2435 598 2494 isti,
621 2435 701 2484 torma
746 2441 862 2489 nonnihil
874 2440 979 2488 refertur
996 2438 1027 2486 ed
1043 2437 1105 2486 haee
1114 2437 1294 2500 ipsatempora,

162 2522 316 2578 praestantes,
339 2532 426 2566 eaussa
455 2517 538 2576 fuera,
568 2523 701 2566 uteorum
745 2521 835 2584 quibus
866 2518 956 2584 popuii
984 2519 1019 2567 sie
1043 2518 1107 2566 ratio
1131 2517 1217 2567 haberi
1241 2532 1293 2567 non

162 2595 248 2645 domini
269 2599 293 2647 in
317 2599 413 2662 proelio
430 2599 462 2646 ab
474 2598 545 2647 hoste
561 2599 700 2647 occideren-
745 2607 838 2664 potest;
864 2608 932 2648 uetus
956 2615 986 2647 aa
1011 2599 1060 2648 iam
1079 2597 1176 2662 pridem
1191 2608 1294 2665 recepta

161 2683 204 2726 tur.
221 2677 346 2730 Claudiam
364 2681 468 2743 Eutrop.
487 2682 509 2728 I.
530 2685 584 2730 1³8.
602 2677 652 2728 Est
660 2679 701 2728 ubi
746 2679 891 2730 consuetudo
925 2697 976 2730 non
1010 2681 1208 2744 coniungtmtur,
1233 2697 1292 2744 qno·

161 2753 276 2822 despectus
291 2761 381 2810 nimius
397 2761 474 2809 iuvat.
500 2759 613 2824 Undique
625 2759 699 2825 pulso
745 2765 820 2812 modo
841 2764 931 2828 prisce
954 2779 985 2812 ae
1006 2770 1087 2820 uetus,
1104 2770 1173 2810 vetus
1190 2770 1215 2810 et
1231 2762 1294 2811 aisti·

162 2834 210 2886 Per
225 2851 321 2892 cunetas
338 2842 408 2893 licuit
424 2840 642 2906 fraudesimpune
657 2857 699 2889 ua·
746 2861 807 2908 qua,
834 2843 950 2912 ἀρχαῖον
977 2841 1025 2892 καὶ
1043 2841 1177 2902 παλαιὸν,
1195 2844 1293 2907 dequo

160 2920 225 2982 pari,
243 2919 277 2970 Et
301 2923 375 2987 fatis
399 2922 500 2988 aperire
523 2921 594 2971 rium.
629 2921 700 2970 Fata
746 2925 848 2975 Ruhnk.
875 2927 907 2975 ed
933 2926 1001 2974 Vell.
1025 2925 1292 2975 Petere.1.16.Ve-

162 3000 337 3054 daatinavarant
354 3005 475 3068 Eutropio
491 3005 656 3053 consulatum.
666 3005 697 3053 In
743 3013 784 3056 tua
809 3007 877 3055 enim
893 3007 1045 3054 consuetudo
1061 3006 1105 3053 din
1122 3005 1218 3054 exstitit
1234 3010 1292 3053 ante

164 3093 191 3129 ao
205 3088 283 3134 tamen
300 3087 401 3150 aperire
418 3085 502 3148 paullo
518 3085 607 3134 melius
623 3099 699 3148 quarn
744 3101 819 3152 quarn
847 3086 952 3150 populns
981 3085 1110 3133 Romanus
1138 3085 1242 3147 recepit,
1268 3090 1292 3132 et

163 3172 304 3223 monstrare„
744 3177 813 3216 uetus
828 3170 884 3231 plus
900 3172 938 3216 est
954 3165 1151 3231 quampridem,
1168 3166 1292 3216 licetcon-

195 3240 285 3294 Addita
302 3246 399 3312 insuper
415 3247 698 3298 ueteranorumeolonia.
744 3256 783 3299 tra
807 3250 839 3298 sit
863 3249 890 3297 in
908 3249 977 3298 Hist.
996 3248 1033 3297 II.
1052 3252 1093 3297 38.
1110 3257 1179 3297 vetus
1196 3248 1253 3298 aci

163 3321 217 3371 Non
240 3327 379 3391 simpliciter
404 3330 511 3388 adiecta,
534 3331 578 3378 sed
594 3329 695 3390 addita,
742 3330 840 3396 pridem
855 3331 932 3380 insita
947 3329 1091 3378 mortalibus
1103 3328 1231 3393 potentiae
1252 3344 1292 3376 eu·

162 3409 277 3468 tamquam
294 3411 395 3459 custode
412 3410 544 3474 apposita,
562 3425 625 3475 quaa
643 3413 699 3460 Bri·
742 3412 817 3478 pido,
843 3412 911 3476 quod
934 3417 1008 3473 caput
1031 3415 1112 3457 totum
1128 3421 1205 3456 manu
1221 3408 1293 3456 acho·

162 3487 263 3538 tanniam
286 3491 438 3540 observaret.
481 3492 613 3540 Annotevi
637 3507 698 3541 non·
744 3495 831 3543 lastiee
855 3507 888 3542 ax
912 3491 1051 3540 imitatione
1073 3487 1226 3537 Sallustiana
1243 3487 1293 3536 Ta·

162 3565 500 3634 nussadeutroquaverboad
513 3573 698 3624 Horatcarm.
745 3576 794 3624 cito
827 3574 935 3621 affictum
960 3576 1004 3619 est.
1041 3569 1125 3630 Quare
1149 3574 1240 3618 cuncta
1263 3569 1290 3617 in

163 3645 209 3696 111.
225 3665 260 3700 rv.
277 3653 366 3716 Neque
383 3652 431 3701 hoo
448 3653 585 3702 Britannos
598 3655 698 3703 latebat.
744 3661 829 3704 nostro
845 3653 901 3702 loeo
916 3651 1007 3724 melius
1024 3651 1059 3700 sic
1073 3652 1195 3714 legentur.
1212 3647 1292 3704 Quae·

162 3726 234 3790 Ergo,
257 3747 311 3796 cap.
332 3738 376 3792 tt,
394 3733 473 3795 ipsam
490 3734 615 3784 coloniam
630 3735 699 3784 inra-
746 3734 802 3784 dam
819 3733 932 3783 ciuitates
948 3734 1002 3798 repi
1024 3731 1291 3798 Oopidumnodonatae.

161 3821 219 3869 sere,
234 3821 261 3861 ut
276 3813 355 3862 sedem
373 3813 508 3863 seruitutis.
746 3813 775 3866 la
800 3815 835 3866 ad
854 3825 961 3865 nostram
978 3830 1053 3878 usque
1069 3812 1205 3863 memoriam
1216 3813 1293 3874 fidis·

196 3887 228 3940 Ut
243 3891 342 3942 baberet
357 3893 518 3966 instrumenta
534 3896 662 3944 seruitutis
677 3905 700 3945 et
745 3898 820 3946 simus
841 3897 938 3946 mansit.
973 3893 1017 3944 Ita
1033 3904 1113 3944 uetere
1129 3909 1159 3942 aa
1174 3893 1224 3942 iam
1237 3893 1292 3958 pri-

161 3981 229 4032 repes.
261 3976 292 4023 In
319 3975 382 4024 Mas.
410 3969 493 4025 V'atie.
512 3985 554 4034 ut,
572 3986 653 4025 vetere
669 3993 700 4026 ae
746 3978 798 4028 dem
814 3987 915 4043 recepta
931 3976 1024 4042 populo
1040 3973 1150 4023 Romana
1167 3981 1293 4023 consuetu·

160 4047 203 4098 ium
215 4053 309 4116 pridem
326 4065 428 4120 reeepta
433 4056 524 4122 populi
532 4055 639 4106 Romani
647 4075 699 4107 cou-
746 4060 801 4110 diue
833 4059 951 4108 baberetur
975 4057 1136 4106 instrumenta
1165 4053 1294 4103 servitutis

159 4133 289 4196 uetudine,
306 4135 407 4185 baberet
420 4137 699 4204 iustrumentasq.Rhe·
746 4150 770 4191 et
794 4157 872 4206 repes.
915 4139 1044 4202 Principes
1073 4143 1098 4185 et
1122 4135 1207 4199 populi
1231 4135 1293 4184 talia

160 4225 232 4264 nanus
255 4225 282 4266 ut
305 4219 469 4282 transposuit:
497 4220 574 4269 seauti
591 4221 699 4272 Wexins
745 4223 892 4272 beneficiat
907 4221 1053 4285 potentiore,
1071 4219 1147 4268 etiam
1163 4217 1184 4265 si
1200 4216 1294 4267 intelli·

160 4299 181 4341 tt
203 4296 310 4348 Kritzius
336 4301 480 4361 ediderunt,
505 4315 567 4364 qnos
584 4315 631 4364 ego
647 4318 698 4352 nar·
745 4310 805 4367 gant
831 4318 901 4352 suam
926 4315 952 4352 se
968 4301 1108 4350 libertatem
1124 4299 1237 4348 amittere
1254 4313 1294 4348 au-

161 4387 197 4423 tur
218 4387 311 4430 sanutus
336 4395 400 4432 aum.
427 4382 479 4432 Sed
495 4383 620 4432 invenisse
636 4385 698 4433 mihi
744 4385 876 4448 timentes,
893 4391 977 4434 tamen
994 4383 1126 4446 accipiunt.
1162 4381 1295 4430 Tantavis

161 4454 248 4520 ridear,
273 4463 365 4526 exigua
381 4465 519 4515 mutatione
536 4464 609 4514 huius
627 4473 654 4514 ut
671 4467 697 4515 in
745 4473 781 4517 est
803 4467 915 4530 propriae
936 4464 1059 4516 utilitatis.
1077 4463 1136 4515 Hoc
1153 4463 1234 4513 sciunt
1250 4477 1294 4524 ρο-
