3134 5310
623 541 805 591 AGRIGOM.
1142 611 1145 617 Ι
1266 529 1284 590 'e'

139 743 275 791 narrare
307 720 457 786 fiduciam
487 716 592 806 potins
620 735 745 780 morum
780 731 875 801 quam
906 714 1117 802 arrogantiam
1145 711 1288 777 arbitrati

141 842 241 906 sunt,
279 849 338 892 neo
367 824 400 890 id
424 822 544 889 Rutilio
568 833 600 887 et
623 817 742 886 Scauro
767 817 845 882 citra
869 817 965 883 fidem
990 830 1044 884 ant
1067 815 1288 885 obtrectationi

141 996 171 1045 p.
198 983 247 1029 uto
261 974 500 1034 scriberet,Inlinm
510 971 695 1036 Obsequentem
740 982 816 1032 quem
832 983 901 1016 mam
918 969 998 1033 ipsum
1013 969 1090 1019 uitem
1105 983 1224 1026 narrare,
1235 967 1288 1031 ple·

143 1075 201 1125 cap.
222 1065 277 1109 110.
291 1058 416 1123 pleraque
423 1053 695 1119 posuisseexnsubae·
741 1049 813 1112 rique
829 1048 947 1113 aequales
963 1050 1083 1100 arbitrati
1099 1059 1155 1099 sunt
1166 1049 1289 1112 fiduciam

144 1151 222 1192 tenus
245 1140 331 1189 minus
355 1143 416 1186 noto
431 1150 477 1198 pro
491 1133 624 1196 quaedam,
641 1147 695 1180 non-
739 1131 826 1196 potius
863 1145 971 1190 morum,
1006 1147 1078 1194 mum
1111 1130 1288 1194 crroqcna'om.

145 1222 219 1272 nullo
231 1220 318 1287 pluro.
337 1219 428 1268 Postea
448 1216 550 1279 quidem
566 1214 614 1264 viri
630 1212 697 1262 docti
745 1213 829 1274 Quare
845 1212 958 1276 scriptori
975 1227 1021 1261 neo
1033 1215 1109 1262 tidem
1121 1215 1289 1274 negaverunt,

145 1303 263 1354 certatim
279 1299 481 1362 explicaverunt,
494 1297 697 1357 nondum,pnto,

146 1386 183 1434 ad
199 1383 321 1431 rationem
337 1379 477 1443 quandam,
494 1391 519 1425 v.
536 1391 558 1425 c.
575 1391 651 1439 quam
659 1389 697 1422 su·

146 1480 197 1530 pre
213 1462 336 1528 proposui.
353 1461 387 1509 In
403 1459 460 1508 loco
477 1457 560 1506 Taciti
572 1457 640 1506 dictu
652 1454 698 1503 dil·

146 1545 218 1594 ficilo
239 1549 288 1600 est,
304 1542 360 1605 quis
376 1539 459 1588 minor
474 1551 593 1586 numeram
610 1534 698 1584 maiori

147 1625 244 1690 opponi
259 1624 344 1687 possit.
363 1620 423 1670 Sive
436 1617 565 1684 plerisque
580 1618 698 1678 interpre-

148 1716 203 1758 tere
207 1705 344 1770 plurimos,
350 1702 452 1767 plures,
462 1700 515 1748 sive
523 1697 618 1756 multos,
629 1711 698 1760 quos·

743 1307 824 1356 neque
858 1293 987 1342 obtrectasti
1016 1300 1082 1342 sunt.
1113 1293 1182 1341 Illud
1210 1291 1291 1355 ipsum

744 1389 850 1422 narrare
867 1371 961 1424 Graece
978 1375 1072 1424 ffixeris
1089 1372 1122 1420 τὸ
1138 1371 1205 1439 περὶ
1226 1369 1291 1420 ἑαυ-

745 1455 794 1502 τοῦ
831 1453 929 1517 λέγειν,
964 1455 1005 1502 Ite
1029 1454 1178 1502 Plutarchus
1203 1459 1291 1503 notura

744 1536 857 1584 libellum
883 1535 950 1601 περὶ
975 1535 1025 1582 τοῦ
1051 1533 1292 1584 tonstrinarum

745 1618 851 1666 orditur:
877 1618 909 1665 τὸ
931 1617 997 1684 περὶ
1023 1593 1124 1666 tauris
1151 1614 1242 1678 λέγειν
1259 1614 1293 1673 ὡς

746 1713 774 1744 rs
792 1695 870 1754 breue
886 1717 903 1762 η
924 1698 1078 1759 δυναμένου
1095 1695 1292 1764 episistratus,

149 1787 223 1842 donn
236 1786 281 1850 qui
297 1784 417 1834 arbitrati
429 1791 500 1843 sunt,
509 1799 606 1848 semper
614 1783 699 1832 adiun-
747 1777 816 1847 λόγῳ
834 1796 885 1839 μιν
898 1779 1022 1846 ἐπαχθὲς
1032 1779 1213 1839 ἀποφαίνουσι
1221 1779 1293 1829 reds-

149 1874 219 1918 otam
234 1866 311 1916 habet
328 1867 506 1928 cogitationem
522 1867 640 1923 aliorum,
656 1863 700 1926 qui
746 1845 793 1917 vir
816 1863 864 1909 sat
886 1860 1089 1930 ἀνελεύθερον,
1114 1861 1184 1930 ἔργῳ
1212 1862 1239 1910 δ’
1260 1863 1291 1912 od

150 1965 198 1997 raon
214 1947 336 1996 arbitrati
351 1953 417 1995 sunt.
435 1946 637 1996 Hincsententia
644 1958 699 1993 nas·
746 1942 846 1992 molini
862 1945 913 2008 τὴν
925 1943 1027 2007 ἀηδίαν
1037 1945 1123 1993 αὐτοῦ
1136 1944 1294 2003 διαπεφεύ-

151 2029 231 2077 citur:
251 2028 395 2090 uplerique,
411 2027 455 2090 qui
472 2041 543 2075 scam
559 2027 606 2089 ipsi
622 2025 701 2074 vitam
748 2039 828 2089 ruore
854 2023 921 2074 aridi
947 2025 1001 2073 adr
1026 2025 1174 2089 asydum.
1200 2027 1241 2074 De
1266 2041 1293 2076 se

152 2121 300 2166 narravere,
325 2109 437 2158 arbitrati
462 2113 533 2166 sunt,
554 2107 603 2155 boc
619 2107 701 2170 potius
747 2108 827 2172 ipsum
852 2108 933 2157 dicere
956 2108 1067 2172 plerique
1092 2109 1206 2157 odiosum
1230 2109 1292 2157 arbi-

152 2189 231 2238 lnisse
259 2189 376 2238 fiendam
400 2201 613 2252 morum‚.·quam
636 2202 701 2236 arro
746 2189 941 2252 trantnr,pauci
953 2189 1071 2238 vitarunt.
1086 2190 1116 2239 P.
1128 2187 1293 2254 SyruszPer·

152 2270 282 2334 gantiam:
306 2270 363 2329 alii,
383 2284 534 2334 quemqnam
558 2268 701 2331 pauciores,
742 2272 838 2334 suqere
867 2269 903 2319 od
925 2270 1082 2334 inferiorern,
1108 2279 1146 2319 est
1170 2286 1197 2319 se
1213 2271 1294 2335 ipsum

153 2351 266 2400 arbitrati
305 2357 364 2398 sunt
396 2350 474 2399 inisse
507 2347 701 2412 arrogantiam.”
749 2350 856 2400 tradere.
874 2352 905 2400 P.
924 2351 1004 2415 Syrus
1020 2353 1184 2402 arbitrabatur
1198 2354 1230 2400 τὸ
1235 2368 1293 2416 per-

155 2432 230 2493 Quod
254 2432 375 2494 ineptum.
401 2431 530 2480 Dubitatio
552 2431 621 2480 enim
635 2435 702 2478 recte
743 2435 851 2497 fuqere,
877 2434 985 2497 aliquem
1008 2433 1151 2496 peringere,
1177 2447 1230 2482 esse
1246 2441 1293 2482 tra·

153 2527 186 2561 an
220 2527 290 2562 secus
328 2513 427 2572 fecerit,
457 2512 493 2559 sic
525 2510 621 2560 nemini
645 2510 702 2558 scri·
748 2515 868 2564 ditionem
893 2515 932 2562 sui
956 2514 1041 2576 ipsius.
1059 2515 1113 2562 Nos
1131 2520 1156 2563 et
1173 2513 1293 2565 Germani

152 2595 221 2657 ptori
236 2595 263 2642 in
279 2600 391 2643 mentem
415 2593 501 2642 rauba
526 2597 615 2654 potest.
651 2589 702 2651 Qui
748 2597 775 2644 in
792 2609 822 2644 eo
837 2595 931 2643 utimur
947 2595 1068 2658 particula
1084 2610 1148 2655 men,
1166 2611 1229 2645 rann.
1240 2596 1292 2646 Sed

154 2675 323 2737 arrogantiam
352 2675 497 2732 arbitratu,
523 2689 575 2722 non
601 2673 701 2731 scribit,
747 2676 809 2724 haec
834 2675 860 2724 in
884 2675 954 2724 libris
980 2675 1154 2726 Grammaticis
1175 2679 1234 2727 satis
1250 2693 1293 2728 ex-

153 2757 197 2820 qui
213 2756 331 2804 fiduciam
346 2770 459 2813 morum,
477 2755 528 2802 iam
544 2754 595 2802 iere
612 2761 649 2803 est
665 2767 701 2802 ar·
748 2757 827 2819 posita
844 2762 915 2816 sunt,
932 2762 961 2804 ut
976 2773 1001 2805 v.
1018 2771 1040 2806 c.
1058 2759 1127 2807 locus
1144 2759 1249 2822 Nepotis
1266 2761 1293 2809 in

153 2850 259 2899 rogans,
283 2837 394 2899 lineaque
418 2836 582 2884 verocundiae
599 2840 624 2884 et
639 2834 702 2883 reri·
750 2837 836 2885 Attico
862 2842 885 2886 9.
913 2819 961 2886 Ille
985 2852 1011 2885 se
1036 2838 1197 2903 interposuit,
1219 2855 1294 2905 pecu·

154 2917 213 2966 tatis
235 2917 307 2966 facile
323 2918 511 2980 transgreditur.
529 2917 643 2964 Laudem
657 2916 702 2978 igi·
748 2917 861 2980 uiamque
890 2917 942 2966 siue
965 2920 1087 2982 foenore,
1117 2921 1217 2984 sineque
1241 2921 1294 2970 ulla

154 3006 196 3047 tur·
219 2998 288 3047 baud
311 2999 347 3047 ita
370 3012 489 3061 magnam
505 3002 701 3062 consequuntur,
748 2997 909 3062 stipulatione
934 2999 957 3047 ei
974 2999 1093 3048 credidit:
1111 3001 1239 3049 monimum
1254 3016 1293 3048 erc·

154 3080 245 3144 quibus
269 3081 319 3128 ista
337 3077 437 3140 fiducie
461 3095 507 3127 non
526 3079 615 3142 suerit
636 3076 702 3126 citro
749 3080 860 3128 intimans
886 3087 1025 3141 quaestum,
1047 3094 1171 3128 memorem
1186 3089 1294 3146 mutum<

150 3159 232 3222 fidem
257 3167 302 3207 out
326 3159 504 3209 obtrectationi.
530 3160 589 3208 Hoc
615 3157 702 3208 Cicero
749 3175 796 3223 que
813 3158 935 3223 coqnoaci,
953 3158 1072 3222 simulque
1085 3161 1199 3226 aperire,
1214 3178 1294 3211 senon

155 3253 258 3306 quoque
296 3239 415 3288 sentiebat
450 3241 477 3289 in
517 3240 630 3302 Epistola
671 3239 703 3288 ad
744 3243 881 3306 fortunae,
914 3239 959 3288 sed
982 3239 1114 3290 horninibus
1139 3242 1218 3291 solere
1242 3261 1295 3294 esse

157 3320 311 3379 Lucceium,
329 3321 407 3384 Epist.
432 3323 465 3370 ad
489 3320 581 3369 Famil.
608 3321 642 3368 V.
664 3324 701 3368 12.
749 3322 859 3370 amicum.
886 3322 926 3370 Ibi
944 3321 1061 3372 Schottus
1078 3325 1207 3373 annotarit
1223 3341 1294 3388 quos·

159 3400 271 3450 Scribam
296 3401 351 3466 ipse
376 3400 406 3449 de
430 3416 474 3450 ma.
501 3399 564 3459 Sed,
590 3399 656 3464 quod
680 3407 703 3448 te
748 3405 808 3452 dam
831 3409 939 3452 tentasse
965 3418 1091 3466 apparere
1114 3418 1159 3467 pro
1184 3406 1293 3467 aperire.

159 3498 204 3530 non
223 3483 311 3547 suqit,
337 3481 397 3530 iuer
421 3489 478 3530 suut
502 3482 528 3530 in
552 3480 596 3528 loc
616 3495 704 3545 qenere
750 3485 793 3532 lili
810 3485 915 3532 sensisse
930 3484 1058 3542 ridentur,
1075 3483 1117 3532 bic
1132 3485 1215 3532 minus
1228 3491 1295 3534 recte

158 3562 235 3619 uitta·
254 3570 294 3622 et,
311 3570 338 3610 ut
362 3560 522 3610 omecuudius
537 3561 589 3624 ipsi
605 3559 635 3609 de
651 3575 704 3608 sese
749 3565 882 3613 convenire
915 3563 1058 3611 existimaus
1086 3579 1139 3612 esse
1168 3574 1295 3629 quaestum

159 3643 267 3692 scribam
290 3658 387 3691 necesse
411 3643 458 3702 sit,
483 3642 507 3691 si
523 3641 636 3706 quidest
653 3640 704 3689 luu·
750 3645 868 3707 simulque
898 3644 1008 3709 operire.
1033 3645 1131 3709 Nepos,
1156 3647 1184 3696 ni
1209 3647 1293 3707 fallor,

161 3723 277 3783 dandum
296 3731 336 3782 et,
350 3730 525 3788 praetereunt,
551 3719 653 3784 siquid
667 3735 704 3768 re·
751 3726 861 3788 scripsit:
895 3724 1014 3789 simulque
1038 3727 1161 3791 operiens.
1187 3729 1295 3779 Wexins

156 3803 352 3870 prehendendum
377 3811 422 3853 est.
448 3800 553 3851 Accedit
574 3802 660 3860 edum,
678 3809 705 3850 ut
750 3808 852 3871 putabat
872 3807 1039 3856 coniecturam
1063 3822 1145 3857 msam
1161 3810 1187 3858 in
1207 3811 1295 3860 Tacito

158 3884 235 3934 minor
251 3883 377 3946 sitfides,
390 3881 706 3942 minorcuotoritas,multi
751 3890 828 3938 everti
852 3888 983 3938 sententie.
1009 3887 1154 3938 Narrantes
1178 3891 1246 3939 enim
1270 3897 1295 3939 et

159 3963 706 4028 deniquerepreiendont.1ndiciumigitur
750 3969 870 4018 arbitrati
901 3969 977 4017 iidem
1010 3970 1072 4029 sint,
1105 3983 1204 4020 necesse
1232 3985 1294 4020 esse.

160 4045 301 4110 equalium
325 4047 357 4094 de
381 4047 554 4110 scriptoribus,
579 4060 631 4094 non
648 4046 704 4094 scri-
751 4050 868 4098 Fortasse
884 4050 981 4098 ostendi
998 4051 1086 4098 melius
1100 4052 1232 4100 convenire
1240 4066 1294 4101 sen-

159 4133 260 4189 piorum
275 4127 307 4176 de
328 4140 355 4176 se
371 4127 444 4190 ipsis,
460 4127 554 4189 requiri
569 4132 637 4189 puto.
647 4126 705 4176 Hoc
751 4131 857 4189 tenuas,
875 4131 896 4178 si
921 4130 1011 4180 iudicia
1028 4131 1168 4194 coquebam
1185 4133 1216 4180 de
1237 4134 1293 4182 scri-

159 4214 188 4256 ut
211 4207 379 4266 nanciscerer,
400 4206 567 4256 conlocaram:
584 4203 706 4272 Plerique
750 4212 862 4276 ptoribus
890 4211 1037 4273 cogitentur.
1055 4211 1178 4260 Latinitas
1194 4213 1295 4275 quidem

160 4303 229 4336 mum
252 4286 333 4352 ipsum
356 4286 432 4336 uitam
456 4301 571 4336 narrare.
593 4303 661 4348 non,
678 4295 706 4337 ut
751 4307 803 4342 non
833 4305 887 4341 esse
910 4297 991 4354 potest
1015 4297 1138 4353 suspecta;
1163 4298 1243 4354 potest
1267 4296 1294 4344 in

160 4367 186 4416 in
216 4367 277 4418 edit.
302 4367 452 4418 Dronkisna
476 4383 499 4417 a.
527 4371 598 4417 1844.
624 4383 706 4420 errore
753 4372 873 4434 scriptura
888 4371 998 4434 vulgate.
1016 4372 1124 4423 Wexins
1140 4380 1165 4422 et
1182 4375 1295 4426 Kritnins

160 4447 303 4512 typothetae
320 4462 465 4513 expressum
481 4454 531 4510 est,
545 4447 632 4514 ipsam.
652 4450 706 4501 Ali·
753 4453 837 4504 miritis
860 4453 908 4504 hoc
934 4458 1023 4514 egunt,
1040 4459 1067 4502 ut
1083 4468 1167 4505 cesum
1184 4459 1296 4507 nomina·
