3134 5310
241 505 260 563 i
663 522 814 568 scarnen
840 522 952 570 rterrr

243 687 399 752 incuriosa
431 710 557 752 snorum
590 701 674 754 netas
698 691 822 768 omisit,
847 691 970 778 quoties
993 711 1107 778 magna
1131 688 1237 779 aliqua
1261 713 1298 756 ao
1322 715 1385 757 nom

242 866 290 916 hac
312 880 400 916 canem
419 867 555 931 plurimum
571 881 625 917 esse
640 869 788 932 culpandos,
835 884 876 917 res
894 868 1011 932 suerint,
1033 884 1082 933 per
1107 885 1167 932 quos
1183 870 1265 920 viros.-
1282 868 1384 920 Deinde

243 961 276 996 ex
302 947 460 1008 Quintiliano
484 949 648 997 demonstrari
664 963 736 1011 posse
752 964 788 998 ar·
832 947 957 1014 paulatim
987 947 1134 1014 disciplina,
1159 950 1239 1000 uelat.-
1273 949 1383 1000 Foedum

242 1029 327 1077 bitror.
349 1028 401 1077 Hic
426 1029 453 1077 in
472 1029 555 1079 Instit.
575 1029 645 1079 Orat.
670 1029 722 1079 IX.
750 1045 787 1079 ιν.
835 1030 915 1089 erite,
942 1029 1009 1093 qaod
1031 1030 1101 1080 vites.
1140 1029 1251 1079 Ceteram
1275 1039 1321 1080 aut
1345 1047 1384 1079 rue

245 1109 398 1159 resolbit:
421 1106 525 1157 Versum
546 1110 788 1172 inorationefieri,
834 1125 910 1160 amor.
945 1111 1006 1160 Jam
1023 1110 1194 1171 Quintilianus
1208 1111 1384 1160 istainLivio

242 1189 316 1239 multo
345 1190 515 1252 foedissimam
547 1199 596 1250 est,
615 1199 707 1247 totam,·
725 1192 789 1241 sicat
833 1191 875 1240 vel
905 1206 957 1240 uon
983 1191 1170 1250 animadvertit,
1195 1192 1237 1240 vel
1260 1205 1319 1240 usus
1344 1199 1383 1242 est

243 1272 317 1320 etiam
341 1270 368 1320 ia
388 1280 478 1336 parte,
504 1269 631 1335 deforme:
653 1273 739 1335 atique
764 1272 788 1321 si
835 1273 984 1336 exemplari,
1001 1273 1028 1320 in
1044 1287 1094 1336 quo
1110 1273 1167 1321 talis
1183 1274 1383 1322 aratverborsm

240 1366 305 1416 pars
318 1353 444 1416 posterior
460 1352 486 1402 ia
498 1351 612 1401 clausula
624 1352 788 1418 deprehenda-
834 1354 907 1412 ordo,
924 1360 953 1401 ut
968 1359 1035 1401 totus
1052 1352 1141 1416 aliquis
1156 1364 1242 1402 rerem
1259 1369 1310 1402 non
1324 1369 1383 1403 con·

244 1440 296 1491 tur,
321 1447 352 1480 ae
373 1447 461 1480 rastros
478 1432 552 1496 prior
573 1433 599 1481 in
615 1434 735 1497 inpressa.
757 1432 787 1483 T.
834 1433 975 1495 spiceretur.
1011 1432 1041 1482 si
1056 1448 1108 1481 non
1125 1433 1312 1493 animadvertit,
1329 1450 1382 1483 om·

242 1509 331 1562 Ioivius
347 1511 483 1562 hexametri
495 1511 596 1561 exordio
613 1515 708 1578 eoepit:
726 1513 787 1564 Fae·
834 1513 862 1561 ni
886 1514 978 1562 iudicio
1003 1514 1101 1562 aurium
1122 1514 1207 1562 carnit.
1226 1513 1278 1562 Sed
1293 1515 1382 1564 habuit

242 1599 345 1642 turnsne
361 1607 450 1656 operae
466 1594 574 1657 pretium
591 1593 646 1642 sim.
664 1592 735 1642 Nam
750 1595 789 1644 ita
834 1600 935 1642 sermm
960 1600 984 1643 et
1001 1596 1141 1657 superbum.
1160 1594 1304 1644 Accusandi
1321 1609 1384 1658 ergo

242 1672 334 1732 edidit,
360 1682 443 1737 estque
467 1673 565 1732 melias,
583 1690 655 1736 wem
673 1675 788 1738 quomodo
833 1674 941 1735 librarii,
970 1690 1076 1739 quornm
1092 1675 1245 1738 negligentia
1261 1676 1288 1724 in
1305 1675 1382 1725 Livio

242 1752 390 1802 emendatur.
408 1754 448 1803 De
463 1754 789 1819 partibusversuum,quod
833 1769 919 1805 versus
936 1757 1052 1804 millenos
1064 1757 1224 1820 peperit,qui
1231 1757 1383 1819 transposita

241 1833 354 1898 deforme
369 1841 454 1893 vocat,
471 1835 566 1884 tacebo.
584 1835 616 1883 In
633 1837 704 1884 nulla
720 1837 789 1886 enim
833 1850 885 1884 una
908 1849 969 1884 voce
993 1837 1057 1884 fiunt
1082 1842 1106 1885 et
1127 1837 1261 1886 intereunt.
1280 1837 1383 1898 Quanta

240 1915 332 1978 pagina
351 1915 429 1963 trium
444 1915 618 1964 historicorum
635 1932 686 1965 non
702 1917 788 1966 huius·
834 1930 893 1964 eura
917 1917 970 1979 ipse
985 1917 1064 1966 vitare
1081 1918 1214 1977 studuerit,
1230 1918 1294 1967 mihi
1312 1933 1382 1982 prae·

240 1996 310 2044 modi
333 2001 416 2060 partes
438 1996 663 2059 deprehenduntnr.
697 1997 789 2047 Dicam
834 1995 920 2044 sertim
944 1997 1055 2046 constitit
1076 2011 1109 2046 ex
1125 1998 1206 2062 prima
1221 1999 1381 2048 historiarum

240 2077 271 2125 de
295 2078 354 2125 totis
376 2077 501 2135 versibus,
518 2079 585 2141 quod
600 2078 719 2141 magister
729 2081 788 2144 soe·
833 2081 910 2137 parte.
936 2077 1018 2126 Natus
1043 2085 1096 2127 erat
1116 2081 1202 2141 poita;
1224 2080 1324 2128 amabat
1339 2093 1381 2130 ve·

240 2155 366 2206 Mammam
381 2164 462 2206 vocat.
480 2157 576 2207 Attulit
592 2174 625 2208 ex
642 2161 718 2209 Livio
734 2177 788 2224 par·
833 2162 897 2205 teres
914 2156 1042 2206 Romanos
1058 2159 1201 2218 historicos,
1218 2160 1244 2208 id
1261 2166 1310 2219 est,
1324 2163 1381 2223 poli·

240 2245 306 2297 tem,
332 2253 390 2287 cum
415 2239 447 2286 sit
463 2244 530 2286 totus
546 2238 700 2290 hexameter.
723 2239 787 2290 Fac·
834 2239 1382 2297 tas,1lnniumante0mnes.Animusista

241 2326 341 2368 inrasae
357 2333 449 2383 operae
462 2319 571 2383 petiam
588 2321 646 2380 sim,
663 2322 687 2370 si
702 2322 787 2386 apri·
834 2318 951 2367 scribenti
972 2334 1022 2368 non
1045 2307 1234 2368 tantum’fiebat
1250 2323 1381 2386 antiquus,

240 2397 341 2448 mordio.
376 2400 423 2448 Est
447 2400 608 2463 spondeicus,
634 2402 728 2451 sivoio
743 2417 788 2466 per
834 2400 974 2447 sedetiam
990 2400 1114 2449 scribendi
1130 2400 1206 2449 color.
1225 2401 1285 2450 Non
1302 2403 1381 2462 latet,

244 2479 396 2544 synaeresin
412 2479 584 2540 contrahatur,
601 2481 654 2531 sive
669 2482 788 2547 perSyu-
833 2493 909 2542 quam
917 2481 1017 2529 difficile
1024 2495 1097 2545 saepe
1105 2481 1142 2528 illi
1151 2480 1226 2529 luerit
1238 2489 1318 2531 metro
1326 2485 1381 2532 abs·

243 2561 374 2624 aloepham
406 2560 432 2608 in
465 2560 546 2622 prima
570 2562 650 2610 verbi
664 2565 788 2627 sequentis
834 2560 922 2610 tinere.
949 2561 1045 2610 Versus
1069 2576 1159 2624 nempe
1180 2563 1293 2612 Enniani
1309 2572 1381 2614 erant

242 2642 323 2692 vocali
340 2641 506 2689 absorbeatur.
529 2641 563 2689 Et
579 2644 689 2706 sequitur
705 2645 789 2694 statim
834 2641 994 2690 absolvendi.
1013 2642 1046 2690 Et
1061 2649 1145 2692 tamen
1162 2644 1254 2707 ubique
1268 2640 1382 2695 membra
1401 2658 1407 2671 ·

243 2723 344 2772 initium
359 2722 420 2770 novi
435 2721 588 2771 hexametri:
614 2722 788 2790 Urbisrespa
835 2722 931 2770 disiecti
959 2724 1046 2785 politae
1077 2722 1112 2772 ita
1136 2725 1335 2787 conspiciuntur,
1352 2733 1382 2774 ut

241 2803 298 2869 pali
314 2801 429 2852 Rmrmni.
465 2801 530 2850 Sunt
542 2809 648 2865 quatuor
655 2806 789 2867 pedes,uti
834 2803 888 2850 sine
912 2803 996 2851 labore
1020 2803 1105 2866 colligi
1126 2811 1151 2855 et
1166 2805 1311 2854 concinnari
1327 2819 1381 2868 pos-

242 2891 349 2948 quatuor
358 2884 512 2948 facturusne
520 2886 726 2948 operaepretium
734 2886 787 2934 sim.
834 2883 892 2932 sint.
920 2882 972 2933 Sed
988 2898 1018 2932 ea
1033 2885 1145 2947 quaestio
1162 2886 1210 2934 huc
1227 2886 1311 2934 minus
1327 2900 1381 2949 per·

245 2964 297 3014 Sed
312 2966 344 3015 de
362 2965 420 3014 totis
435 2965 547 3014 versibus
564 2965 669 3027 agimus.
687 2966 787 3016 Ecoein
834 2964 905 3012 tinet.
932 2964 1006 3023 Hoc,
1024 2965 1051 3012 ni
1068 2964 1154 3024 lullor,
1171 2966 1283 3023 ostendi,
1300 2972 1381 3015 totum

244 3047 331 3097 eadem
355 3047 424 3096 Livii
437 3045 589 3109 praelatione
605 3047 731 3109 integrum
745 3048 787 3096 he-
834 3045 899 3092 illud-
922 3040 1084 3110 pesporsdie
1106 3046 1251 3109 plerumque
1271 3046 1380 3094 librariis

242 3134 397 3178 umanum:
429 3125 511 3175 Haud
533 3127 560 3175 in
575 3142 661 3191 mapno
678 3127 788 3191 equidem
834 3125 910 3174 tribui
934 3132 1060 3189 oportere,
1083 3126 1127 3189 qui
1143 3126 1298 3188 transpositis
1315 3127 1380 3175 voci·

240 3223 333 3273 mnam
357 3206 505 3256 discrimine.
523 3203 568 3254 Ad
582 3206 636 3255 illa.
655 3206 788 3267 Quintilia-
834 3207 880 3254 bns
904 3207 946 3255 vel
972 3206 1073 3254 adiectis
1098 3206 1187 3268 glossis
1202 3219 1303 3256 versum
1319 3209 1381 3256 oriri

243 3301 413 3352 unaquoque
434 3288 461 3336 in
488 3285 616 3337 Ciceronis
631 3294 694 3337 orat.
711 3289 738 3337 iu
755 3291 787 3339 L.
834 3286 979 3350 plerumque
1003 3300 1055 3334 non
1079 3286 1205 3344 riderent,
1230 3288 1284 3346 vel,
1307 3289 1381 3337 siri

243 3369 364 3418 Pisonem
387 3368 496 3418 notavit:
514 3365 586 3415 Proh
602 3364 652 3416 Dii
668 3368 788 3418 immorta-
833 3367 934 3425 darent,
951 3371 1125 3413 ornamentum
1141 3366 1254 3429 scriptori
1270 3368 1329 3417 inde
1342 3383 1381 3418 ac·

241 3450 290 3510 les,
314 3449 371 3514 qais
395 3448 435 3498 tte
462 3448 547 3498 illusit
568 3446 638 3497 dies!
655 3449 789 3513 Displicuit
834 3447 936 3495 cessisse
952 3446 1136 3494 arbitrarentur.

241 3531 293 3590 illi,
309 3532 396 3589 eredo,
414 3529 554 3579 tristioris
571 3529 637 3590 dies,
655 3533 722 3595 quod
737 3539 788 3582 tras
855 3525 944 3575 Virtus
959 3526 1019 3575 vicit
1035 3541 1065 3573 ae
1082 3541 1244 3591 supergressa
1261 3537 1307 3578 est.
1321 3531 1380 3580 Vir·

241 3613 317 3674 pedes
342 3617 467 3659 extremos
492 3611 584 3659 senarii
600 3613 681 3661 efficit.
701 3611 788 3663 Cicero
833 3615 873 3657 tus
898 3621 1032 3656 commune
1054 3606 1117 3656 illud
1141 3608 1270 3657 civitatum
1290 3611 1381 3660 vitium

241 3691 283 3741 hie
300 3691 351 3740 lere
367 3690 494 3740 incidisset
509 3690 535 3738 in
552 3696 632 3739 totum
649 3693 786 3744 senarium:
833 3690 901 3738 vicit.
921 3690 991 3738 Talis
1008 3687 1146 3737 enuntiatio
1163 3689 1190 3736 in
1198 3689 1258 3737 vicit
1267 3692 1380 3740 absoluta

243 3769 315 3821 Proh
340 3769 380 3819 Di
395 3768 557 3829 immortales,
575 3770 614 3820 iic
626 3763 687 3834 'qais
704 3773 788 3823 illexit
834 3776 879 3818 est.
898 3769 995 3837 Siquid
1004 3769 1158 3827 addendum,
1173 3770 1380 3820 sedandarum-

242 3852 313 3902 dies!
332 3851 418 3901 Posito
432 3851 488 3914 qais
505 3857 563 3900 ante
581 3851 620 3902 hic
635 3853 732 3902 vitavit.
750 3854 788 3902 At
833 3863 906 3912 pore,
932 3851 963 3899 de
987 3851 1094 3908 artibus,
1119 3856 1143 3898 et
1168 3850 1190 3898 si
1213 3865 1263 3914 qua
1287 3851 1381 3900 inerint

242 3936 270 3984 in
299 3934 357 3984 loeo
385 3932 498 3982 Liviana
522 3940 584 3998 quot
607 3935 654 3983 toti
685 3936 787 3985 senarii!
834 3931 944 3994 insignia
959 3931 1068 3980 mominis
1086 3931 1229 3979 adiumenta
1245 3932 1285 3980 vel
1303 3933 1380 3995 impe-

244 4013 345 4080 Semper
371 4013 520 4077 scriptores,
546 4024 591 4064 ant
607 4015 634 4064 ia
649 4017 722 4065 rebus
738 4032 788 4065 eer-
834 4012 953 4061 diruente.
981 4010 1010 4061 Si
1035 4013 1070 4060 sio
1087 4012 1185 4060 additur
1202 4027 1381 4076 superpressa,

243 4097 307 4146 tias:
343 4092 399 4159 Epo
425 4101 512 4143 eontra
537 4093 581 4144 hoe
607 4111 702 4158 qaoque
725 4095 788 4145 labo·
833 4094 873 4142 vis
889 4093 1026 4144 sententiae
1043 4098 1181 4141 enervatur.
1199 4092 1254 4140 Nec
1269 4106 1330 4141 vera
1345 4093 1381 4141 vi·

242 4178 280 4226 ris
302 4177 440 4242 praetorium
462 4183 561 4240 petam:
581 4173 694 4225 Poitiois
710 4178 789 4242 magis
834 4175 907 4222 detur
924 4173 1056 4223 Latinitas.
1075 4171 1282 4238 Superpredimar
1298 4172 1382 4222 locum

243 4256 334 4306 deeora
352 4257 473 4322 sabulis.-
490 4254 579 4307 Ia'cere
595 4264 692 4322 oportet
709 4273 788 4307 couse-
835 4257 953 4305 arduum:
978 4256 1061 4320 cogita
1085 4260 1208 4312 montem
1225 4253 1293 4302 hune
1309 4254 1381 4302 debe·

244 4352 317 4386 erare
332 4337 456 4401 origines.-
480 4336 789 4402 Utesaqneanimadversa
834 4349 890 4384 mus
904 4349 1028 4399 superare,
1044 4335 1106 4386 eniti
1122 4336 1154 4384 sd
1170 4348 1296 4384 summum
1311 4347 1381 4382 cacu-

244 4417 788 4484 outexittimataerant:Quaesitaqaimo·
834 4431 905 4476 men;
931 4417 1087 4482 superpressi
1110 4417 1228 4476 vicimus,
1249 4429 1296 4465 nec
1311 4415 1381 4478 quid·
