3130 5308
249 531 311 592 134
660 539 811 586 consumi
835 538 947 585 samm

246 709 374 776 latebris
409 708 472 772 suis
506 708 645 784 extrusi,
682 717 713 772 et
735 717 807 771 voto
830 707 992 792 virtusque
1015 705 1049 768 in
1073 715 1193 792 aperto,
1217 705 1391 793 omniaque

245 835 344 903 prona
379 811 571 890 victoribus,
608 824 703 898 atque
726 809 837 876 eadem
868 810 959 877 victis
981 807 1120 874 adversa.
1171 808 1254 874 Nam
1278 821 1314 876 ut
1336 832 1392 874 su-

244 941 368 1007 perasse
407 928 533 982 tautum
576 916 711 992 itineris,
743 915 833 980 siivas
868 915 1018 992 evasisse,
1054 913 1200 979 transisse
1233 915 1392 980 aestuaria

244 1022 415 1110 pulchrum
451 1043 500 1086 ac
523 1019 673 1086 decorum
705 1020 738 1084 in
768 1020 922 1097 ftomam,
947 1019 991 1084 ita
1014 1018 1208 1108 fugientibus
1230 1018 1391 1107 periculo-

245 1128 383 1205 sissima,
421 1147 502 1214 qnae
536 1124 630 1191 bodie
664 1125 874 1213 prosperrima
909 1135 993 1189 suut.
1030 1122 1143 1210 Neque
1177 1124 1262 1188 enim
1295 1123 1391 1190 nobis

245 1243 299 1296 aut
335 1231 478 1296 locorum
513 1229 623 1295 eadem
658 1231 770 1294 notitia
807 1242 861 1294 ant
892 1239 1125 1293 commeatuum
1148 1225 1259 1292 eadem
1283 1227 1386 1291 abuu-

244 1335 370 1411 dantia,
400 1334 454 1401 scd
490 1353 603 1400 manus
634 1345 667 1402 et
690 1356 799 1413 arma,
825 1345 857 1399 et
880 1334 913 1398 in
938 1331 987 1398 his
1011 1333 1129 1397 omniu.
1156 1330 1247 1417 Quod
1271 1330 1310 1397 ad
1335 1353 1390 1397 me

243 1607 271 1651 ut
291 1599 394 1652 Sallust.
413 1599 488 1650 Catii.
506 1604 547 1650 58.
566 1597 596 1650 st
607 1599 792 1659 inactuosum·
838 1594 1389 1664 atpeootesmonuassesaoieodam.RexDa·

242 1683 286 1732 oio
313 1681 381 1732 nobis
399 1688 467 1740 tuto,
484 1688 629 1730 commeatus
645 1679 739 1730 abunda
755 1697 792 1730 oo·
838 1680 889 1728 rius
914 1679 977 1728 suisa
995 1691 1051 1725 nom
1067 1693 1096 1726 aa
1112 1676 1164 1728 iuis
1182 1675 1388 1742 (Macedonibus)

244 1761 326 1812 laniae
348 1769 423 1825 atque
439 1759 573 1825 municipio
585 1761 713 1825 potabunt.
747 1758 793 1812 Sis
840 1758 935 1822 quidem
951 1757 987 1808 od
997 1760 1092 1823 sugam
1109 1759 1176 1808 locus
1192 1767 1244 1815 est,·
1262 1758 1316 1808 binc
1334 1756 1388 1806 Eu-

241 1850 304 1892 metu
330 1841 485 1902 cesserimus,
511 1841 593 1892 sedeo
617 1841 664 1891 itta
685 1841 793 1891 aevosa
834 1838 954 1905 pirates,
979 1839 1048 1888 illinc
1076 1837 1101 1888 Τ
1099 1839 1163 1903 iyris
1183 1839 1298 1904 probibet
1311 1839 1389 1890 inolu-

241 1925 312 1974 sisat.
338 1923 407 1974 Illud
424 1923 448 1972 si
462 1922 579 1972 vincimus
596 1922 698 1970 Tacitus
714 1929 793 1972 muta·
838 1936 886 1970 sos.
922 1919 973 1980 Ei,
999 1935 1063 1984 quoe
1079 1929 1154 1970 outae
1167 1937 1217 1985 pro
1233 1919 1285 1972 tuis
1301 1929 1387 1981 aaut,

241 2006 279 2054 vit
304 2003 413 2054 scribens
438 2003 578 2053 uictoribus.
596 2003 638 2052 Itu
653 2009 678 2054 et
695 2003 791 2052 Annei.
838 2001 864 2050 iu
880 2000 1029 2050 contrarium
1044 2015 1117 2050 versu
1133 2009 1197 2052 suot.
1232 2001 1296 2062 Quis
1311 2008 1389 2064 negat

241 2086 296 2144 111.
318 2090 359 2144 45,
377 2085 532 2136 memorabat
547 2089 644 2134 vetares
661 2082 793 2134 Gailomm
838 2082 947 2145 potuisse
972 2082 1041 2141 fieri,
1065 2081 1152 2132 utilis
1170 2081 1196 2132 in
1215 2083 1304 2132 Tacito
1318 2083 1388 2134 vide·

242 2167 349 2229 glorias,
371 2179 485 2230 quaeque
501 2164 623 2213 Romanis
639 2165 743 2214 adversa
756 2165 793 2212 iu·
837 2164 886 2212 rit:
904 2161 973 2212 Nom
990 2169 1017 2210 ot
1033 2177 1165 2227 superasse
1181 2170 1272 2212 tautum
1288 2163 1388 2214 itineris

243 2245 371 2294 tulissent:
398 2260 470 2308 qoam
495 2243 584 2293 maora
607 2243 739 2294 uictoribus
765 2243 793 2292 ii·
835 2242 964 2308 pulchrum
989 2259 1019 2290 ac
1035 2241 1164 2302 decorum,
1180 2243 1218 2294 itu
1228 2243 1388 2308 sumentibus

242 2327 332 2385 butas,
350 2333 441 2390 quanto
457 2323 627 2374 intolerantior
636 2324 741 2374 seruitus
749 2324 793 2372 ita·
809 2365 811 2370 .
835 2323 1047 2389 periculosissimo
1063 2323 1090 2372 in
1099 2324 1226 2387 frontem,
1243 2323 1387 2386 qambodie

241 2423 297 2456 rum
312 2405 393 2456 uictis.
836 2404 1008 2470 prosperrima
1021 2411 1081 2468 post
1097 2411 1190 2468 ieryam
1204 2411 1267 2454 suot.
1290 2403 1386 2456 Dslsvi

276 2486 412 2537 Pulchrum
436 2503 467 2536 ac
492 2486 605 2536 meorum
628 2485 654 2534 io
671 2485 792 2549 frontem.
839 2485 917 2534 silom
950 2485 1071 2542 euasisse,
1097 2484 1216 2536 transisse
1238 2486 1387 2546 aestuario,

248 2567 349 2618 Curtius
374 2569 424 2617 IV.
453 2571 491 2615 14.
508 2566 657 2618 Alexandro
674 2571 699 2616 st
715 2565 794 2616 Dasio
838 2577 902 2630 quaa
918 2566 970 2616 iam
985 2572 1167 2616 memoraverat
1182 2566 1291 2629 exceptis
1306 2565 1387 2616 ulnis.

246 2649 332 2698 tribuit
357 2648 495 2705 orationes,
513 2647 539 2696 in
555 2647 645 2710 quibus
661 2646 794 2696 manifesta
840 2645 870 2696 Si
894 2645 1018 2709 fugimus,
1043 2646 1092 2704 ait,
1116 2643 1265 2709 fugiendum
1288 2653 1326 2697 est
1342 2659 1388 2710 par

243 2728 389 2781 imitationis
413 2727 519 2790 vestigia
543 2733 669 2790 apparent.
687 2727 720 2776 Ei
736 2741 793 2778 con·
839 2728 926 2776 eedem
950 2727 1019 2786 loca,
1039 2728 1129 2790 quibus
1145 2728 1264 2791 superatis
1278 2727 1329 2778 hnc
1345 2741 1387 2779 ve·

243 2810 307 2860 ditio
339 2823 435 2866 renuam,
465 2808 492 2857 iu
518 2807 607 2870 quibus
632 2809 794 2858 versabantur
838 2808 930 2858 nimus.
948 2809 987 2858 Ea
1008 2814 1037 2858 ut
1062 2821 1189 2871 superasse
1205 2814 1242 2858 est
1257 2808 1387 2868 dacorum,

244 2891 397 2942 Maccdonas
422 2894 447 2938 et
471 2888 563 2938 Persae
580 2892 632 2937 erat
649 2889 749 2946 eadem,
766 2889 793 2936 in
838 2889 873 2938 ita
897 2904 942 2953 pro
963 2889 1123 2948 nobiseum,
1140 2887 1389 2952 quiasichabemus

242 2987 294 3038 qua
315 2971 357 3022 bic
380 2970 489 3020 Romani
514 2976 538 3021 et
555 2969 681 3020 Britanni.
699 2969 793 3019 Simili·
837 2971 1022 3020 munimentum
1037 2975 1093 3032 post
1110 2975 1220 3031 tergum:
1238 2969 1295 3027 sad,
1311 2969 1333 3018 si
1350 2968 1388 3018 fu·

243 3055 305 3106 tutio
321 3068 373 3104 non
390 3052 464 3102 latuit
479 3050 683 3102 Freinshemium
694 3055 793 3113 propter
837 3052 935 3114 gemus,
951 3051 1098 3102 habebimus
1114 3053 1202 3104 eadem
1217 3052 1245 3102 in
1260 3050 1386 3112 frontem.

242 3137 293 3185 duo
318 3133 434 3197 exempla
450 3131 610 3197 reprehensos
626 3146 656 3180 es
666 3131 751 3195 fuya,
769 3134 793 3179 et
838 3133 931 3181 etflent
946 3132 1163 3196 periculosissimo.
1178 3132 1234 3184 Alii
1241 3133 1297 3184 niba
1304 3134 1388 3184 modis

243 3211 792 3276 illameompanationemoforisdasnmptam.
838 3213 914 3261 verba
931 3213 1013 3261 Taciti
1030 3214 1071 3262 vei
1088 3215 1226 3277 explicate,
1242 3215 1286 3264 val
1300 3228 1385 3264 emau-

243 3293 354 3356 Roganti
371 3299 426 3342 ater
442 3291 473 3340 ob
490 3297 546 3340 otro
560 3290 793 3354 sumpseritinamo
838 3293 897 3342 dare
920 3293 1003 3342 conati
1029 3300 1095 3342 snut.
1118 3295 1221 3359 Lipsius
1236 3295 1262 3343 io
1271 3295 1387 3358 frontem

242 3389 324 3432 nuuc,
341 3373 415 3424 oredo
432 3373 667 3434 nonrasponderet,
678 3368 793 3422 Curtium
838 3373 1014 3436 interpretaur
1020 3373 1046 3422 in
1053 3374 1165 3438 speciem,
1171 3376 1266 3441 specie.-
1275 3373 1385 3426 stiua

241 3449 792 3519 sumpsisseuTucito.Curtiusi11multisnliis
838 3467 896 3504 eum
920 3460 1026 3514 statum,
1050 3469 1129 3519 quum
1152 3457 1244 3506 milit&
1258 3454 1324 3506 hosti
1340 3456 1385 3504 ob·

241 3537 365 3600 exemplis
380 3535 580 3598 deprehenditur.
605 3533 680 3596 Quod
690 3533 792 3582 Tacitm
837 3534 903 3586 tersi
926 3541 992 3586 sunt.
1019 3536 1140 3586 Emestus
1160 3551 1206 3600 pro
1222 3534 1293 3585 bodio
1307 3535 1386 3586 conii·

241 3627 266 3665 a.
283 3631 306 3664 c.
324 3616 389 3664 dixit
406 3630 418 3664 a
435 3613 537 3664 latebris
553 3615 605 3664 sois
622 3613 731 3673 extrusi,
743 3613 791 3662 boe
837 3616 871 3666 cit
887 3615 1007 3674 hostibus,
1024 3617 1092 3680 quod
1108 3617 1387 3682 sequeutiadesidernre

241 3695 285 3746 ilie
310 3695 416 3744 mutavit
440 3693 571 3744 suasoria
587 3693 640 3744 suis
656 3693 729 3752 mati,
745 3694 791 3744 mi·
836 3696 874 3746 illi
898 3697 1062 3755 videbantur,
1083 3711 1144 3746 nam
1169 3696 1266 3756 susem,
1281 3711 1332 3761 quo
1348 3711 1386 3747 re·

241 3790 289 3826 nus
306 3775 623 3838 elegantamarbotaman
633 3775 788 3824 noueodam.
835 3776 954 3836 sensatur,
971 3777 1033 3828 alias
1048 3793 1101 3828 non
1113 3778 1213 3830 habere
1223 3778 1300 3837 Vult,
1309 3783 1385 3841 puto,

239 3856 293 3909 Sed
316 3857 389 3906 mitto
413 3856 490 3915 heac,
511 3868 575 3918 quaa
590 3855 790 3918 conspuentibus
836 3856 970 3919 Agricola:
995 3859 1072 3909 Viam
1096 3871 1140 3923 per
1156 3859 1272 3922 paludem
1285 3865 1386 3909 montes

239 3939 306 3990 uitro
322 3937 443 3988 inuenies
451 3937 587 3986 insumant.
611 3935 732 3984 imitandi
740 3941 789 3986 stu·
834 3943 860 3988 et
884 3937 989 3988 flumina
1004 3939 1117 3990 maenius
1133 3945 1159 3990 et
1175 3941 1202 3990 in
1220 3938 1386 3990 Cosconium

239 4015 788 4084 oiamprsesaniminnoclocoasrnitomo
833 4024 963 4082 peneum
974 4020 1114 4082 potuimus,
1131 4026 1205 4085 atque
1221 4021 1385 4083 udeoeogno·

238 4116 331 4164 ponam
355 4113 418 4164 quae
442 4098 492 4148 huc
516 4098 654 4162 pertinent:
674 4095 788 4146 Alexan·
833 4100 922 4150 vimus.
959 4099 1010 4150 Sed
1035 4102 1124 4151 eadem
1148 4102 1190 4150 via
1214 4101 1308 4159 redbe,
1334 4099 1385 4167 hoc

239 4184 316 4232 ander
340 4181 400 4232 dicit
425 4182 490 4230 suist
510 4177 787 4244 persensissemus
832 4180 960 4243 opus.hie
983 4182 1054 4232 labor
1076 4183 1129 4232 erit.
1148 4183 1238 4246 Neque
1254 4182 1384 4232 abundan-

233 4265 328 4327 suqara
344 4279 390 4312 ono
402 4269 518 4327 possent,
537 4269 572 4310 tot
589 4269 710 4310 terrorum
728 4276 785 4326 spa·
831 4261 868 4310 tie
890 4269 1089 4324 commeatuum,
1115 4277 1179 4328 qnae
1203 4263 1252 4311 fuit
1267 4263 1384 4312 intranti·

239 4343 277 4392 tia
302 4344 413 4403 mansis,
438 4351 473 4394 tot
497 4342 606 4392 aroniim
622 4341 785 4406 montibusque
831 4342 890 4402 bus,
908 4345 995 4394 miens
1012 4351 1050 4396 est
1066 4346 1224 4396 exeuntibus.
1240 4343 1387 4409 Sed,qnosi

239 4430 295 4490 post
319 4431 411 4488 turoam
435 4425 551 4484 obiectis,
568 4424 617 4474 iter
633 4424 659 4474 in
675 4423 785 4490 petrium
830 4423 897 4476 idem
921 4431 973 4486 est,
998 4431 1056 4475 suut
1080 4439 1170 4479 manua
1195 4433 1220 4478 et
1237 4440 1315 4478 arma.
1350 4426 1387 4476 ln
