<?xml version="1.0" encoding="UTF-8"?>
<!DOCTYPE html PUBLIC "-//W3C//DTD XHTML 1.0 Transitional//EN"
    "http://www.w3.org/TR/xhtml1/DTD/xhtml1-transitional.dtd">
<html xmlns="http://www.w3.org/1999/xhtml" xml:lang="en" lang="en">
 <head>
  <title>
</title>
<meta http-equiv="Content-Type" content="text/html;charset=utf-8" />
  <meta name='ocr-system' content='tesseract 3.04.00' />
  <meta name='ocr-capabilities' content='ocr_page ocr_carea ocr_par ocr_line ocrx_word'/>
</head>
<body>
  <div class='ocr_page' id='page_1' title='image "./ccorneliitaciti09tacigoog/ccorneliitaciti09tacigoog_0042.png"; bbox 0 0 3134 5310; ppageno 0'>
   <div class='ocr_carea' id='block_1_1' title="bbox 640 533 1306 596">
    <p class='ocr_par' dir='ltr' id='par_1_1' title="bbox 640 533 1306 596">
     <span class='ocr_line' id='line_1_1' title="bbox 640 533 1306 596; baseline -0.003 0"><span class='ocrx_word' id='word_1_1' title='bbox 640 549 817 596; x_wconf 81' lang='lat' dir='ltr'><strong>nunrcots.</strong></span> <span class='ocrx_word' id='word_1_2' title='bbox 1265 533 1306 594; x_wconf 66' lang='lat'><strong>29</strong></span> 
     </span>
    </p>
   </div>
   <div class='ocr_carea' id='block_1_2' title="bbox 152 715 1307 912">
    <p class='ocr_par' dir='ltr' id='par_1_2' title="bbox 152 715 1307 912">
     <span class='ocr_line' id='line_1_2' title="bbox 152 715 1306 807; baseline -0.007 -18"><span class='ocrx_word' id='word_1_3' title='bbox 152 745 322 798; x_wconf 83' lang='lat' dir='ltr'><strong>recusare,</strong></span> <span class='ocrx_word' id='word_1_4' title='bbox 360 719 517 807; x_wconf 87' lang='lat' dir='ltr'><strong>simulque</strong></span> <span class='ocrx_word' id='word_1_5' title='bbox 552 730 584 782; x_wconf 89' lang='lat' dir='ltr'><strong>et</strong></span> <span class='ocrx_word' id='word_1_6' title='bbox 618 719 727 782; x_wconf 86' lang='lat' dir='ltr'><strong>ansius</strong></span> <span class='ocrx_word' id='word_1_7' title='bbox 762 729 793 782; x_wconf 91' lang='lat' dir='ltr'><strong>et</strong></span> <span class='ocrx_word' id='word_1_8' title='bbox 828 716 968 780; x_wconf 88' lang='lat' dir='ltr'><strong>intentus</strong></span> <span class='ocrx_word' id='word_1_9' title='bbox 1001 737 1103 804; x_wconf 79' lang='lat' dir='ltr'><strong>agere.</strong></span> <span class='ocrx_word' id='word_1_10' title='bbox 1134 715 1206 780; x_wconf 92' lang='lat' dir='ltr'><strong>Non</strong></span> <span class='ocrx_word' id='word_1_11' title='bbox 1232 738 1306 781; x_wconf 86' lang='lat' dir='ltr'><strong>sane</strong></span> 
     </span>
     <span class='ocr_line' id='line_1_3' title="bbox 153 821 1307 912; baseline -0.006 -19"><span class='ocrx_word' id='word_1_12' title='bbox 153 830 233 895; x_wconf 87' lang='lat' dir='ltr'><strong>alias</strong></span> <span class='ocrx_word' id='word_1_13' title='bbox 265 826 465 894; x_wconf 82' lang='lat' dir='ltr'><strong>exercitatior</strong></span> <span class='ocrx_word' id='word_1_14' title='bbox 496 823 659 912; x_wconf 76' lang='lat' dir='ltr'><strong>magisque</strong></span> <span class='ocrx_word' id='word_1_15' title='bbox 680 824 712 887; x_wconf 93' lang='lat' dir='ltr'><strong>in</strong></span> <span class='ocrx_word' id='word_1_16' title='bbox 738 821 886 911; x_wconf 78' lang='lat' dir='ltr'><strong>ambiguo</strong></span> <span class='ocrx_word' id='word_1_17' title='bbox 910 821 1074 886; x_wconf 77' lang='lat' dir='ltr'><strong>Britannia</strong></span> <span class='ocrx_word' id='word_1_18' title='bbox 1097 821 1169 889; x_wconf 88' lang='lat' dir='ltr'><strong>luit.</strong></span> <span class='ocrx_word' id='word_1_19' title='bbox 1197 821 1307 889; x_wconf 83' lang='lat' dir='ltr'><strong>Truci-</strong></span> 
     </span>
    </p>
   </div>
   <div class='ocr_carea' id='block_1_3' title="bbox 150 1053 1330 3239">
    <p class='ocr_par' dir='ltr' id='par_1_3' title="bbox 150 1053 1330 3156">
     <span class='ocr_line' id='line_1_4' title="bbox 154 1053 1305 1123; baseline -0.003 -17"><span class='ocrx_word' id='word_1_20' title='bbox 154 1057 239 1116; x_wconf 87' lang='lat' dir='ltr'><strong>nitur,</strong></span> <span class='ocrx_word' id='word_1_21' title='bbox 264 1061 333 1122; x_wconf 88' lang='lat' dir='ltr'><strong>quod</strong></span> <span class='ocrx_word' id='word_1_22' title='bbox 349 1055 469 1123; x_wconf 84' lang='lat' dir='ltr'><strong>aperitis</strong></span> <span class='ocrx_word' id='word_1_23' title='bbox 491 1057 616 1115; x_wconf 77' lang='lat' dir='ltr'><strong>discebat,</strong></span> <span class='ocrx_word' id='word_1_24' title='bbox 633 1071 709 1120; x_wconf 85' lang='lat' dir='ltr'><strong>quos,</strong></span> <span class='ocrx_word' id='word_1_25' title='bbox 756 1070 810 1118; x_wconf 86' lang='lat' dir='ltr'><strong>que.</strong></span> <span class='ocrx_word' id='word_1_26' title='bbox 838 1053 990 1117; x_wconf 73' lang='lat' dir='ltr'><strong>comparant</strong></span> <span class='ocrx_word' id='word_1_27' title='bbox 1008 1053 1111 1102; x_wconf 81' lang='lat' dir='ltr'><strong>Sallust.</strong></span> <span class='ocrx_word' id='word_1_28' title='bbox 1120 1054 1151 1104; x_wconf 89' lang='lat' dir='ltr'><strong>B.</strong></span> <span class='ocrx_word' id='word_1_29' title='bbox 1162 1054 1219 1116; x_wconf 81' lang='lat' dir='ltr'><strong>Ing.</strong></span> <span class='ocrx_word' id='word_1_30' title='bbox 1231 1057 1252 1103; x_wconf 84' lang='lat' dir='ltr'><strong>t.</strong></span> <span class='ocrx_word' id='word_1_31' title='bbox 1262 1054 1305 1117; x_wconf 90' lang='lat' dir='ltr'><strong>qui</strong></span> 
     </span>
     <span class='ocr_line' id='line_1_5' title="bbox 157 1131 1307 1203; baseline -0.005 -15"><span class='ocrx_word' id='word_1_32' title='bbox 157 1141 194 1188; x_wconf 88' lang='lat' dir='ltr'><strong>ita</strong></span> <span class='ocrx_word' id='word_1_33' title='bbox 210 1141 337 1203; x_wconf 79' lang='lat' dir='ltr'><strong>cognitos,</strong></span> <span class='ocrx_word' id='word_1_34' title='bbox 355 1140 425 1198; x_wconf 88' lang='lat' dir='ltr'><strong>aliis,</strong></span> <span class='ocrx_word' id='word_1_35' title='bbox 442 1138 709 1200; x_wconf 89' lang='lat' dir='ltr'><strong>minusperitis,pras-</strong></span> <span class='ocrx_word' id='word_1_36' title='bbox 755 1135 862 1184; x_wconf 79' lang='lat' dir='ltr'><strong>similem</strong></span> <span class='ocrx_word' id='word_1_37' title='bbox 877 1135 977 1182; x_wconf 91' lang='lat' dir='ltr'><strong>laudem</strong></span> <span class='ocrx_word' id='word_1_38' title='bbox 994 1135 1131 1198; x_wconf 85' lang='lat' dir='ltr'><strong>Iugurthae</strong></span> <span class='ocrx_word' id='word_1_39' title='bbox 1147 1135 1240 1184; x_wconf 87' lang='lat' dir='ltr'><strong>tribuat</strong></span> <span class='ocrx_word' id='word_1_40' title='bbox 1254 1131 1307 1184; x_wconf 87' lang='lat' dir='ltr'><strong>:Et</strong></span> 
     </span>
     <span class='ocr_line' id='line_1_6' title="bbox 157 1213 1305 1284; baseline -0.003 -14"><span class='ocrx_word' id='word_1_41' title='bbox 157 1221 262 1271; x_wconf 82' lang='lat' dir='ltr'><strong>ferebat.</strong></span> <span class='ocrx_word' id='word_1_42' title='bbox 290 1221 372 1270; x_wconf 84' lang='lat' dir='ltr'><strong>Taciti</strong></span> <span class='ocrx_word' id='word_1_43' title='bbox 398 1226 474 1284; x_wconf 78' lang='lat' dir='ltr'><strong>puto:</strong></span> <span class='ocrx_word' id='word_1_44' title='bbox 497 1233 595 1266; x_wconf 86' lang='lat' dir='ltr'><strong>noscere</strong></span> <span class='ocrx_word' id='word_1_45' title='bbox 607 1218 707 1282; x_wconf 81' lang='lat' dir='ltr'><strong>provin·</strong></span> <span class='ocrx_word' id='word_1_46' title='bbox 752 1213 849 1280; x_wconf 81' lang='lat' dir='ltr'><strong>proelio</strong></span> <span class='ocrx_word' id='word_1_47' title='bbox 875 1222 989 1264; x_wconf 87' lang='lat' dir='ltr'><strong>strenuus</strong></span> <span class='ocrx_word' id='word_1_48' title='bbox 1015 1223 1071 1263; x_wconf 88' lang='lat' dir='ltr'><strong>erut</strong></span> <span class='ocrx_word' id='word_1_49' title='bbox 1095 1222 1120 1263; x_wconf 89' lang='lat' dir='ltr'><strong>et</strong></span> <span class='ocrx_word' id='word_1_50' title='bbox 1136 1216 1211 1264; x_wconf 80' lang='lat' dir='ltr'><strong>bonus</strong></span> <span class='ocrx_word' id='word_1_51' title='bbox 1229 1216 1305 1266; x_wconf 83' lang='lat' dir='ltr'><strong>consi-</strong></span> 
     </span>
     <span class='ocr_line' id='line_1_7' title="bbox 156 1295 1306 1362; baseline -0.003 -12"><span class='ocrx_word' id='word_1_52' title='bbox 156 1301 235 1362; x_wconf 74' lang='grc' dir='ltr'><strong><em>οἰαπι,</em></strong></span> <span class='ocrx_word' id='word_1_53' title='bbox 261 1319 356 1352; x_wconf 86' lang='lat' dir='ltr'><strong>noscere</strong></span> <span class='ocrx_word' id='word_1_54' title='bbox 381 1300 518 1350; x_wconf 81' lang='lat' dir='ltr'><strong>exercitum.</strong></span> <span class='ocrx_word' id='word_1_55' title='bbox 544 1299 590 1347; x_wconf 83' lang='lat' dir='ltr'><strong>Est</strong></span> <span class='ocrx_word' id='word_1_56' title='bbox 606 1301 710 1348; x_wconf 90' lang='lat' dir='ltr'><strong>omnino</strong></span> <span class='ocrx_word' id='word_1_57' title='bbox 756 1297 803 1354; x_wconf 78' lang='lat' dir='ltr'><strong>tto,</strong></span> <span class='ocrx_word' id='word_1_58' title='bbox 839 1312 939 1359; x_wconf 87' lang='lat' dir='ltr'><strong>quorum</strong></span> <span class='ocrx_word' id='word_1_59' title='bbox 964 1295 1068 1345; x_wconf 83' lang='lat' dir='ltr'><strong>alterum</strong></span> <span class='ocrx_word' id='word_1_60' title='bbox 1094 1311 1124 1344; x_wconf 81' lang='lat' dir='ltr'><strong>en</strong></span> <span class='ocrx_word' id='word_1_61' title='bbox 1145 1296 1306 1360; x_wconf 83' lang='lat' dir='ltr'><strong>providentio</strong></span> 
     </span>
     <span class='ocr_line' id='line_1_8' title="bbox 156 1374 1305 1444; baseline -0.005 -12"><span class='ocrx_word' id='word_1_62' title='bbox 156 1384 223 1432; x_wconf 88' lang='lat' dir='ltr'><strong>boni</strong></span> <span class='ocrx_word' id='word_1_63' title='bbox 238 1385 322 1444; x_wconf 86' lang='lat' dir='ltr'><strong>ducis,</strong></span> <span class='ocrx_word' id='word_1_64' title='bbox 338 1396 442 1432; x_wconf 89' lang='lat' dir='ltr'><strong>noscere</strong></span> <span class='ocrx_word' id='word_1_65' title='bbox 455 1382 599 1444; x_wconf 79' lang='lat' dir='ltr'><strong>regionem,</strong></span> <span class='ocrx_word' id='word_1_66' title='bbox 617 1380 644 1429; x_wconf 91' lang='lat' dir='ltr'><strong>in</strong></span> <span class='ocrx_word' id='word_1_67' title='bbox 660 1395 710 1443; x_wconf 86' lang='lat' dir='ltr'><strong>qus</strong></span> <span class='ocrx_word' id='word_1_68' title='bbox 757 1377 876 1436; x_wconf 85' lang='lat' dir='ltr'><strong>timorem,</strong></span> <span class='ocrx_word' id='word_1_69' title='bbox 901 1377 1006 1427; x_wconf 86' lang='lat' dir='ltr'><strong>alterum</strong></span> <span class='ocrx_word' id='word_1_70' title='bbox 1031 1393 1061 1425; x_wconf 79' lang='lat' dir='ltr'><strong>ee</strong></span> <span class='ocrx_word' id='word_1_71' title='bbox 1086 1374 1195 1426; x_wconf 81' lang='lat' dir='ltr'><strong>audacio</strong></span> <span class='ocrx_word' id='word_1_72' title='bbox 1213 1378 1305 1426; x_wconf 77' lang='lat' dir='ltr'><strong>tesneri-</strong></span> 
     </span>
     <span class='ocr_line' id='line_1_9' title="bbox 156 1457 1305 1528; baseline -0.003 -16"><span class='ocrx_word' id='word_1_73' title='bbox 156 1471 289 1524; x_wconf 83' lang='lat' dir='ltr'><strong>versatnr,</strong></span> <span class='ocrx_word' id='word_1_74' title='bbox 314 1478 395 1528; x_wconf 90' lang='lat' dir='ltr'><strong>neque</strong></span> <span class='ocrx_word' id='word_1_75' title='bbox 420 1463 504 1510; x_wconf 87' lang='lat' dir='ltr'><strong>minna</strong></span> <span class='ocrx_word' id='word_1_76' title='bbox 521 1473 623 1511; x_wconf 86' lang='lat' dir='ltr'><strong>noscere</strong></span> <span class='ocrx_word' id='word_1_77' title='bbox 640 1473 709 1509; x_wconf 86' lang='lat' dir='ltr'><strong>exer·</strong></span> <span class='ocrx_word' id='word_1_78' title='bbox 757 1465 830 1506; x_wconf 88' lang='lat' dir='ltr'><strong>tutem</strong></span> <span class='ocrx_word' id='word_1_79' title='bbox 859 1459 957 1523; x_wconf 79' lang='lat' dir='ltr'><strong>afferre</strong></span> <span class='ocrx_word' id='word_1_80' title='bbox 979 1457 1123 1524; x_wconf 84' lang='lat' dir='ltr'><strong>plerumque</strong></span> <span class='ocrx_word' id='word_1_81' title='bbox 1149 1457 1218 1506; x_wconf 88' lang='lat' dir='ltr'><strong>solet.</strong></span> <span class='ocrx_word' id='word_1_82' title='bbox 1253 1458 1305 1508; x_wconf 88' lang='lat' dir='ltr'><strong>Sed</strong></span> 
     </span>
     <span class='ocr_line' id='line_1_10' title="bbox 156 1539 1303 1610; baseline -0.005 -16"><span class='ocrx_word' id='word_1_83' title='bbox 156 1547 253 1606; x_wconf 85' lang='lat' dir='ltr'><strong>citam,</strong></span> <span class='ocrx_word' id='word_1_84' title='bbox 272 1547 372 1610; x_wconf 85' lang='lat' dir='ltr'><strong>ingenia</strong></span> <span class='ocrx_word' id='word_1_85' title='bbox 388 1551 413 1593; x_wconf 89' lang='lat' dir='ltr'><strong>at</strong></span> <span class='ocrx_word' id='word_1_86' title='bbox 430 1557 511 1592; x_wconf 88' lang='lat' dir='ltr'><strong>mores</strong></span> <span class='ocrx_word' id='word_1_87' title='bbox 527 1541 710 1601; x_wconf 89' lang='lat' dir='ltr'><strong>militum,imo</strong></span> <span class='ocrx_word' id='word_1_88' title='bbox 755 1539 827 1599; x_wconf 88' lang='lat' dir='ltr'><strong>vide,</strong></span> <span class='ocrx_word' id='word_1_89' title='bbox 843 1556 920 1604; x_wconf 89' lang='lat' dir='ltr'><strong>quam</strong></span> <span class='ocrx_word' id='word_1_90' title='bbox 936 1541 984 1590; x_wconf 89' lang='lat' dir='ltr'><strong>ista</strong></span> <span class='ocrx_word' id='word_1_91' title='bbox 1000 1540 1050 1589; x_wconf 90' lang='lat' dir='ltr'><strong>sint</strong></span> <span class='ocrx_word' id='word_1_92' title='bbox 1066 1540 1204 1590; x_wconf 86' lang='lat' dir='ltr'><strong>dissimilis.</strong></span> <span class='ocrx_word' id='word_1_93' title='bbox 1215 1540 1303 1602; x_wconf 76' lang='lat' dir='ltr'><strong>Iugur·</strong></span> 
     </span>
     <span class='ocr_line' id='line_1_11' title="bbox 155 1621 1303 1684; baseline -0.007 -7"><span class='ocrx_word' id='word_1_94' title='bbox 155 1635 182 1676; x_wconf 86' lang='lat' dir='ltr'><strong>et</strong></span> <span class='ocrx_word' id='word_1_95' title='bbox 201 1628 306 1676; x_wconf 89' lang='lat' dir='ltr'><strong>uomina</strong></span> <span class='ocrx_word' id='word_1_96' title='bbox 322 1635 415 1677; x_wconf 89' lang='lat' dir='ltr'><strong>tenere.</strong></span> <span class='ocrx_word' id='word_1_97' title='bbox 434 1625 536 1673; x_wconf 76' lang='lat' dir='ltr'><strong>Tacitus</strong></span> <span class='ocrx_word' id='word_1_98' title='bbox 552 1625 664 1673; x_wconf 79' lang='lat' dir='ltr'><strong>modeste</strong></span> <span class='ocrx_word' id='word_1_99' title='bbox 679 1624 710 1671; x_wconf 91' lang='lat' dir='ltr'><strong>de</strong></span> <span class='ocrx_word' id='word_1_100' title='bbox 755 1621 800 1670; x_wconf 87' lang='lat' dir='ltr'><strong>tha</strong></span> <span class='ocrx_word' id='word_1_101' title='bbox 823 1621 950 1680; x_wconf 87' lang='lat' dir='ltr'><strong>laudatur,</strong></span> <span class='ocrx_word' id='word_1_102' title='bbox 976 1621 1035 1684; x_wconf 88' lang='lat' dir='ltr'><strong>quie</strong></span> <span class='ocrx_word' id='word_1_103' title='bbox 1059 1621 1166 1679; x_wconf 83' lang='lat' dir='ltr'><strong>vitabat,</strong></span> <span class='ocrx_word' id='word_1_104' title='bbox 1183 1622 1250 1684; x_wconf 88' lang='lat' dir='ltr'><strong>quod</strong></span> <span class='ocrx_word' id='word_1_105' title='bbox 1267 1621 1303 1669; x_wconf 93' lang='lat' dir='ltr'><strong>ni·</strong></span> 
     </span>
     <span class='ocr_line' id='line_1_12' title="bbox 157 1703 1304 1771; baseline -0.006 -12"><span class='ocrx_word' id='word_1_106' title='bbox 157 1708 282 1771; x_wconf 85' lang='lat' dir='ltr'><strong>Agricola</strong></span> <span class='ocrx_word' id='word_1_107' title='bbox 298 1709 403 1763; x_wconf 79' lang='lat' dir='ltr'><strong>iuvene,</strong></span> <span class='ocrx_word' id='word_1_108' title='bbox 420 1707 490 1769; x_wconf 88' lang='lat' dir='ltr'><strong>quod</strong></span> <span class='ocrx_word' id='word_1_109' title='bbox 507 1705 606 1754; x_wconf 88' lang='lat' dir='ltr'><strong>Plinius</strong></span> <span class='ocrx_word' id='word_1_110' title='bbox 615 1705 709 1753; x_wconf 91' lang='lat' dir='ltr'><strong>tumide</strong></span> <span class='ocrx_word' id='word_1_111' title='bbox 755 1704 835 1752; x_wconf 81' lang='lat' dir='ltr'><strong>urium</strong></span> <span class='ocrx_word' id='word_1_112' title='bbox 851 1710 903 1752; x_wconf 86' lang='lat' dir='ltr'><strong>erat</strong></span> <span class='ocrx_word' id='word_1_113' title='bbox 924 1711 948 1754; x_wconf 91' lang='lat' dir='ltr'><strong>at</strong></span> <span class='ocrx_word' id='word_1_114' title='bbox 961 1704 1106 1766; x_wconf 88' lang='lat' dir='ltr'><strong>plerumque</strong></span> <span class='ocrx_word' id='word_1_115' title='bbox 1118 1703 1205 1762; x_wconf 88' lang='lat' dir='ltr'><strong>fiebat,</strong></span> <span class='ocrx_word' id='word_1_116' title='bbox 1228 1703 1304 1766; x_wconf 83' lang='lat' dir='ltr'><strong>Agri·</strong></span> 
     </span>
     <span class='ocr_line' id='line_1_13' title="bbox 155 1783 1302 1851; baseline -0.002 -13"><span class='ocrx_word' id='word_1_117' title='bbox 155 1790 187 1840; x_wconf 86' lang='lat' dir='ltr'><strong>de</strong></span> <span class='ocrx_word' id='word_1_118' title='bbox 206 1789 318 1838; x_wconf 65' lang='lat' dir='ltr'><strong>Cltaiano</strong></span> <span class='ocrx_word' id='word_1_119' title='bbox 334 1789 361 1836; x_wconf 94' lang='lat' dir='ltr'><strong>in</strong></span> <span class='ocrx_word' id='word_1_120' title='bbox 376 1788 471 1848; x_wconf 86' lang='lat' dir='ltr'><strong>Panag.</strong></span> <span class='ocrx_word' id='word_1_121' title='bbox 489 1791 527 1835; x_wconf 86' lang='lat'><strong>15.</strong></span> <span class='ocrx_word' id='word_1_122' title='bbox 542 1783 664 1836; x_wconf 83' lang='lat' dir='ltr'><strong>Tribunus</strong></span> <span class='ocrx_word' id='word_1_123' title='bbox 673 1801 710 1832; x_wconf 90' lang='lat' dir='ltr'><strong>co·</strong></span> <span class='ocrx_word' id='word_1_124' title='bbox 755 1785 810 1833; x_wconf 88' lang='lat' dir='ltr'><strong>cela</strong></span> <span class='ocrx_word' id='word_1_125' title='bbox 826 1786 1302 1851; x_wconf 85' lang='lat' dir='ltr'><strong>laudatus,quia‚quodnimiumerat,</strong></span> 
     </span>
     <span class='ocr_line' id='line_1_14' title="bbox 152 1865 1303 1934; baseline -0.002 -16"><span class='ocrx_word' id='word_1_126' title='bbox 152 1869 263 1934; x_wconf 72' lang='lat' dir='ltr'><strong>qnoorstt‘</strong></span> <span class='ocrx_word' id='word_1_127' title='bbox 275 1887 324 1934; x_wconf 85' lang='lat' dir='ltr'><strong>per</strong></span> <span class='ocrx_word' id='word_1_128' title='bbox 341 1866 465 1932; x_wconf 79' lang='lat' dir='ltr'><strong>stipendia</strong></span> <span class='ocrx_word' id='word_1_129' title='bbox 484 1865 562 1916; x_wconf 83' lang='lat' dir='ltr'><strong>decem</strong></span> <span class='ocrx_word' id='word_1_130' title='bbox 570 1883 709 1932; x_wconf 80' lang='lat' dir='ltr'><strong>moresqen-</strong></span> <span class='ocrx_word' id='word_1_131' title='bbox 755 1868 910 1930; x_wconf 79' lang='lat' dir='ltr'><strong>sequebatur.</strong></span> <span class='ocrx_word' id='word_1_132' title='bbox 933 1867 1001 1916; x_wconf 90' lang='lat' dir='ltr'><strong>Nam</strong></span> <span class='ocrx_word' id='word_1_133' title='bbox 1017 1869 1106 1932; x_wconf 83' lang='lat' dir='ltr'><strong>agebat</strong></span> <span class='ocrx_word' id='word_1_134' title='bbox 1121 1868 1210 1917; x_wconf 76' lang='lat' dir='ltr'><strong>ansius</strong></span> <span class='ocrx_word' id='word_1_135' title='bbox 1227 1876 1251 1918; x_wconf 93' lang='lat' dir='ltr'><strong>et</strong></span> <span class='ocrx_word' id='word_1_136' title='bbox 1268 1869 1303 1918; x_wconf 87' lang='lat' dir='ltr'><strong>in-</strong></span> 
     </span>
     <span class='ocr_line' id='line_1_15' title="bbox 155 1946 1302 2014; baseline -0.001 -15"><span class='ocrx_word' id='word_1_137' title='bbox 155 1950 229 2008; x_wconf 85' lang='lat' dir='ltr'><strong>tium,</strong></span> <span class='ocrx_word' id='word_1_138' title='bbox 263 1949 386 2014; x_wconf 72' lang='lat' dir='ltr'><strong>reqionum</strong></span> <span class='ocrx_word' id='word_1_139' title='bbox 410 1949 487 2008; x_wconf 83' lang='lat' dir='ltr'><strong>situs,</strong></span> <span class='ocrx_word' id='word_1_140' title='bbox 513 1948 710 2014; x_wconf 79' lang='lat' dir='ltr'><strong>opportunitates</strong></span> <span class='ocrx_word' id='word_1_141' title='bbox 756 1954 843 1996; x_wconf 86' lang='lat' dir='ltr'><strong>tentus.</strong></span> <span class='ocrx_word' id='word_1_142' title='bbox 862 1946 1028 2010; x_wconf 85' lang='lat' dir='ltr'><strong>Opponuntur</strong></span> <span class='ocrx_word' id='word_1_143' title='bbox 1045 1948 1144 1998; x_wconf 83' lang='lat' dir='ltr'><strong>timidus</strong></span> <span class='ocrx_word' id='word_1_144' title='bbox 1161 1956 1185 1998; x_wconf 91' lang='lat' dir='ltr'><strong>et</strong></span> <span class='ocrx_word' id='word_1_145' title='bbox 1202 1959 1302 2010; x_wconf 87' lang='lat' dir='ltr'><strong>cnutus,</strong></span> 
     </span>
     <span class='ocr_line' id='line_1_16' title="bbox 155 2027 1301 2094; baseline 0 -14"><span class='ocrx_word' id='word_1_146' title='bbox 155 2032 273 2091; x_wconf 82' lang='lat' dir='ltr'><strong>locorum,</strong></span> <span class='ocrx_word' id='word_1_147' title='bbox 289 2039 314 2080; x_wconf 83' lang='lat' dir='ltr'><strong>et</strong></span> <span class='ocrx_word' id='word_1_148' title='bbox 330 2028 450 2078; x_wconf 73' lang='lat' dir='ltr'><strong>nivosam</strong></span> <span class='ocrx_word' id='word_1_149' title='bbox 467 2043 587 2094; x_wconf 83' lang='lat' dir='ltr'><strong>aquarum</strong></span> <span class='ocrx_word' id='word_1_150' title='bbox 601 2029 708 2093; x_wconf 85' lang='lat' dir='ltr'><strong>coelique</strong></span> <span class='ocrx_word' id='word_1_151' title='bbox 754 2035 783 2076; x_wconf 89' lang='lat' dir='ltr'><strong>ut</strong></span> <span class='ocrx_word' id='word_1_152' title='bbox 799 2030 864 2091; x_wconf 90' lang='lat' dir='ltr'><strong>apud</strong></span> <span class='ocrx_word' id='word_1_153' title='bbox 882 2027 1037 2078; x_wconf 86' lang='lat' dir='ltr'><strong>Sallustimn.</strong></span> <span class='ocrx_word' id='word_1_154' title='bbox 1053 2027 1152 2078; x_wconf 83' lang='lat' dir='ltr'><strong>Anxius</strong></span> <span class='ocrx_word' id='word_1_155' title='bbox 1161 2031 1236 2080; x_wconf 90' lang='lat' dir='ltr'><strong>etiam</strong></span> <span class='ocrx_word' id='word_1_156' title='bbox 1245 2031 1301 2094; x_wconf 89' lang='lat' dir='ltr'><strong>plus</strong></span> 
     </span>
     <span class='ocr_line' id='line_1_17' title="bbox 157 2108 1303 2176; baseline 0 -16"><span class='ocrx_word' id='word_1_157' title='bbox 157 2111 303 2176; x_wconf 79' lang='lat' dir='ltr'><strong>temperiem.</strong></span> <span class='ocrx_word' id='word_1_158' title='bbox 337 2108 455 2174; x_wconf 76' lang='lat' dir='ltr'><strong>Quisquis</strong></span> <span class='ocrx_word' id='word_1_159' title='bbox 476 2111 565 2176; x_wconf 86' lang='lat' dir='ltr'><strong>paullo</strong></span> <span class='ocrx_word' id='word_1_160' title='bbox 590 2111 708 2160; x_wconf 85' lang='lat' dir='ltr'><strong>vetustior</strong></span> <span class='ocrx_word' id='word_1_161' title='bbox 755 2114 792 2156; x_wconf 86' lang='lat' dir='ltr'><strong>est</strong></span> <span class='ocrx_word' id='word_1_162' title='bbox 816 2123 892 2172; x_wconf 87' lang='lat' dir='ltr'><strong>quam</strong></span> <span class='ocrx_word' id='word_1_163' title='bbox 918 2108 1030 2168; x_wconf 84' lang='lat' dir='ltr'><strong>timidus,</strong></span> <span class='ocrx_word' id='word_1_164' title='bbox 1057 2123 1137 2173; x_wconf 89' lang='lat' dir='ltr'><strong>neque</strong></span> <span class='ocrx_word' id='word_1_165' title='bbox 1154 2111 1250 2174; x_wconf 81' lang='lat' dir='ltr'><strong>reperio</strong></span> <span class='ocrx_word' id='word_1_166' title='bbox 1268 2113 1303 2162; x_wconf 86' lang='lat' dir='ltr'><strong>aie</strong></span> 
     </span>
     <span class='ocr_line' id='line_1_18' title="bbox 157 2189 1302 2252; baseline 0.001 -11"><span class='ocrx_word' id='word_1_167' title='bbox 157 2191 240 2252; x_wconf 83' lang='lat' dir='ltr'><strong>miles,</strong></span> <span class='ocrx_word' id='word_1_168' title='bbox 258 2191 296 2241; x_wconf 80' lang='lat' dir='ltr'><strong>lic</strong></span> <span class='ocrx_word' id='word_1_169' title='bbox 315 2199 339 2240; x_wconf 87' lang='lat' dir='ltr'><strong>te</strong></span> <span class='ocrx_word' id='word_1_170' title='bbox 348 2189 503 2240; x_wconf 81' lang='lat' dir='ltr'><strong>commilitone</strong></span> <span class='ocrx_word' id='word_1_171' title='bbox 513 2200 631 2240; x_wconf 84' lang='lat' dir='ltr'><strong>censetur.</strong></span> <span class='ocrx_word' id='word_1_172' title='bbox 647 2189 708 2240; x_wconf 82' lang='lat' dir='ltr'><strong>Inde</strong></span> <span class='ocrx_word' id='word_1_173' title='bbox 754 2191 786 2238; x_wconf 90' lang='lat' dir='ltr'><strong>ad</strong></span> <span class='ocrx_word' id='word_1_174' title='bbox 810 2190 910 2238; x_wconf 89' lang='lat' dir='ltr'><strong>laudem</strong></span> <span class='ocrx_word' id='word_1_175' title='bbox 935 2190 995 2239; x_wconf 89' lang='lat' dir='ltr'><strong>boui</strong></span> <span class='ocrx_word' id='word_1_176' title='bbox 1015 2191 1084 2240; x_wconf 85' lang='lat' dir='ltr'><strong>ducis</strong></span> <span class='ocrx_word' id='word_1_177' title='bbox 1108 2194 1236 2243; x_wconf 88' lang='lat' dir='ltr'><strong>usitatum.</strong></span> <span class='ocrx_word' id='word_1_178' title='bbox 1269 2196 1302 2246; x_wconf 84' lang='lat' dir='ltr'><strong>Et</strong></span> 
     </span>
     <span class='ocr_line' id='line_1_19' title="bbox 154 2270 1301 2340; baseline 0.003 -20"><span class='ocrx_word' id='word_1_179' title='bbox 154 2280 205 2330; x_wconf 87' lang='lat' dir='ltr'><strong>est,</strong></span> <span class='ocrx_word' id='word_1_180' title='bbox 232 2271 299 2334; x_wconf 87' lang='lat' dir='ltr'><strong>quod</strong></span> <span class='ocrx_word' id='word_1_181' title='bbox 319 2286 402 2335; x_wconf 84' lang='lat' dir='ltr'><strong>propo</strong></span> <span class='ocrx_word' id='word_1_182' title='bbox 418 2287 497 2320; x_wconf 84' lang='lat' dir='ltr'><strong>omues</strong></span> <span class='ocrx_word' id='word_1_183' title='bbox 514 2271 606 2321; x_wconf 77' lang='lat' dir='ltr'><strong>nostine</strong></span> <span class='ocrx_word' id='word_1_184' title='bbox 623 2273 707 2338; x_wconf 86' lang='lat' dir='ltr'><strong>appel·</strong></span> <span class='ocrx_word' id='word_1_185' title='bbox 754 2270 797 2320; x_wconf 90' lang='lat' dir='ltr'><strong>ubi</strong></span> <span class='ocrx_word' id='word_1_186' title='bbox 818 2271 924 2320; x_wconf 82' lang='lat' dir='ltr'><strong>intentus</strong></span> <span class='ocrx_word' id='word_1_187' title='bbox 940 2273 970 2321; x_wconf 91' lang='lat' dir='ltr'><strong>de</strong></span> <span class='ocrx_word' id='word_1_188' title='bbox 987 2271 1078 2322; x_wconf 83' lang='lat' dir='ltr'><strong>virtute</strong></span> <span class='ocrx_word' id='word_1_189' title='bbox 1094 2274 1211 2334; x_wconf 87' lang='lat' dir='ltr'><strong>militari,</strong></span> <span class='ocrx_word' id='word_1_190' title='bbox 1228 2292 1301 2340; x_wconf 88' lang='lat' dir='ltr'><strong>oppo-</strong></span> 
     </span>
     <span class='ocr_line' id='line_1_20' title="bbox 153 2351 1330 2423; baseline 0.008 -23"><span class='ocrx_word' id='word_1_191' title='bbox 153 2352 207 2411; x_wconf 84' lang='lat' dir='ltr'><strong>lus‚</strong></span> <span class='ocrx_word' id='word_1_192' title='bbox 225 2351 293 2415; x_wconf 86' lang='lat' dir='ltr'><strong>quod</strong></span> <span class='ocrx_word' id='word_1_193' title='bbox 308 2351 457 2417; x_wconf 83' lang='lat' dir='ltr'><strong>sinqulorum</strong></span> <span class='ocrx_word' id='word_1_194' title='bbox 470 2353 707 2419; x_wconf 75' lang='lat' dir='ltr'><strong>Jbrtiosoctucom·</strong></span> <span class='ocrx_word' id='word_1_195' title='bbox 753 2355 801 2403; x_wconf 80' lang='lat' dir='ltr'><strong>sita</strong></span> <span class='ocrx_word' id='word_1_196' title='bbox 817 2355 953 2414; x_wconf 69' lang='lat' dir='ltr'><strong>nummati,</strong></span> <span class='ocrx_word' id='word_1_197' title='bbox 970 2356 1077 2404; x_wconf 74' lang='lat' dir='ltr'><strong>dicium?</strong></span> <span class='ocrx_word' id='word_1_198' title='bbox 1096 2353 1209 2408; x_wconf 74' lang='lat' dir='ltr'><strong>Intentus</strong></span> <span class='ocrx_word' id='word_1_199' title='bbox 1222 2377 1301 2423; x_wconf 86' lang='lat' dir='ltr'><strong>porn-</strong></span> <span class='ocrx_word' id='word_1_200' title='bbox 1319 2367 1330 2392; x_wconf 44' lang='grc' dir='ltr'><strong>Ν</strong></span> 
     </span>
     <span class='ocr_line' id='line_1_21' title="bbox 150 2435 1300 2504; baseline 0.007 -22"><span class='ocrx_word' id='word_1_201' title='bbox 150 2449 278 2483; x_wconf 86' lang='lat' dir='ltr'><strong>memoras.</strong></span> <span class='ocrx_word' id='word_1_202' title='bbox 304 2435 449 2486; x_wconf 78' lang='lat' dir='ltr'><strong>Utilitatem</strong></span> <span class='ocrx_word' id='word_1_203' title='bbox 474 2437 578 2484; x_wconf 87' lang='lat' dir='ltr'><strong>notitiae</strong></span> <span class='ocrx_word' id='word_1_204' title='bbox 599 2436 707 2486; x_wconf 88' lang='lat' dir='ltr'><strong>ostendit</strong></span> <span class='ocrx_word' id='word_1_205' title='bbox 754 2443 840 2499; x_wconf 79' lang='lat' dir='ltr'><strong>rusque</strong></span> <span class='ocrx_word' id='word_1_206' title='bbox 857 2451 929 2498; x_wconf 86' lang='lat' dir='ltr'><strong>saepe</strong></span> <span class='ocrx_word' id='word_1_207' title='bbox 942 2437 1091 2499; x_wconf 85' lang='lat' dir='ltr'><strong>iunguntur,</strong></span> <span class='ocrx_word' id='word_1_208' title='bbox 1105 2439 1227 2501; x_wconf 88' lang='lat' dir='ltr'><strong>imprimis</strong></span> <span class='ocrx_word' id='word_1_209' title='bbox 1235 2444 1300 2504; x_wconf 87' lang='lat' dir='ltr'><strong>apud</strong></span> 
     </span>
     <span class='ocr_line' id='line_1_22' title="bbox 152 2513 1301 2586; baseline 0.008 -24"><span class='ocrx_word' id='word_1_210' title='bbox 152 2513 299 2576; x_wconf 86' lang='lat' dir='ltr'><strong>Xenophon</strong></span> <span class='ocrx_word' id='word_1_211' title='bbox 308 2515 335 2564; x_wconf 90' lang='lat' dir='ltr'><strong>iu</strong></span> <span class='ocrx_word' id='word_1_212' title='bbox 344 2515 436 2580; x_wconf 81' lang='lat' dir='ltr'><strong>Cyrop.</strong></span> <span class='ocrx_word' id='word_1_213' title='bbox 447 2518 479 2566; x_wconf 87' lang='lat' dir='ltr'><strong>V.</strong></span> <span class='ocrx_word' id='word_1_214' title='bbox 490 2531 531 2566; x_wconf 88' lang='lat'><strong>111.</strong></span> <span class='ocrx_word' id='word_1_215' title='bbox 541 2523 581 2567; x_wconf 77' lang='lat' dir='ltr'><strong>ts.</strong></span> <span class='ocrx_word' id='word_1_216' title='bbox 592 2515 707 2566; x_wconf 71' lang='grc' dir='ltr'><strong>ἐδόκουν</strong></span> <span class='ocrx_word' id='word_1_217' title='bbox 754 2515 855 2566; x_wconf 87' lang='lat' dir='ltr'><strong>Sallust.</strong></span> <span class='ocrx_word' id='word_1_218' title='bbox 864 2523 892 2565; x_wconf 92' lang='lat' dir='ltr'><strong>nt</strong></span> <span class='ocrx_word' id='word_1_219' title='bbox 909 2517 940 2565; x_wconf 92' lang='lat' dir='ltr'><strong>B.</strong></span> <span class='ocrx_word' id='word_1_220' title='bbox 959 2518 1016 2580; x_wconf 81' lang='lat' dir='ltr'><strong>Ing.</strong></span> <span class='ocrx_word' id='word_1_221' title='bbox 1026 2521 1066 2568; x_wconf 82' lang='lat'><strong>59.</strong></span> <span class='ocrx_word' id='word_1_222' title='bbox 1078 2515 1148 2572; x_wconf 80' lang='lat' dir='ltr'><strong>Quae</strong></span> <span class='ocrx_word' id='word_1_223' title='bbox 1157 2521 1187 2569; x_wconf 84' lang='lat' dir='ltr'><strong>ab</strong></span> <span class='ocrx_word' id='word_1_224' title='bbox 1196 2521 1301 2586; x_wconf 82' lang='lat' dir='ltr'><strong>imperu-</strong></span> 
     </span>
     <span class='ocr_line' id='line_1_23' title="bbox 153 2591 1300 2669; baseline 0.01 -28"><span class='ocrx_word' id='word_1_225' title='bbox 153 2591 189 2642; x_wconf 81' lang='grc' dir='ltr'><strong>δὲ</strong></span> <span class='ocrx_word' id='word_1_226' title='bbox 209 2593 283 2660; x_wconf 77' lang='grc' dir='ltr'><strong>αὐτῷ</strong></span> <span class='ocrx_word' id='word_1_227' title='bbox 303 2595 329 2644; x_wconf 77' lang='grc' dir='ltr'><strong>οἱ</strong></span> <span class='ocrx_word' id='word_1_228' title='bbox 342 2595 546 2660; x_wconf 67' lang='grc' dir='ltr'><strong>γιγνώσκεσθαι</strong></span> <span class='ocrx_word' id='word_1_229' title='bbox 558 2598 707 2655; x_wconf 67' lang='grc' dir='ltr'><strong>δοκοῦντες</strong></span> <span class='ocrx_word' id='word_1_230' title='bbox 754 2609 806 2649; x_wconf 86' lang='lat' dir='ltr'><strong>tore</strong></span> <span class='ocrx_word' id='word_1_231' title='bbox 840 2600 978 2660; x_wconf 83' lang='lat' dir='ltr'><strong>decuerint,</strong></span> <span class='ocrx_word' id='word_1_232' title='bbox 1008 2601 1087 2652; x_wconf 84' lang='lat' dir='ltr'><strong>omniu</strong></span> <span class='ocrx_word' id='word_1_233' title='bbox 1117 2603 1165 2653; x_wconf 76' lang='lat' dir='ltr'><strong>siti</strong></span> <span class='ocrx_word' id='word_1_234' title='bbox 1186 2607 1300 2669; x_wconf 82' lang='lat' dir='ltr'><strong>proviso:</strong></span> 
     </span>
     <span class='ocr_line' id='line_1_24' title="bbox 153 2675 1300 2750; baseline 0.011 -27"><span class='ocrx_word' id='word_1_235' title='bbox 153 2675 211 2726; x_wconf 79' lang='grc' dir='ltr'><strong>ὑπὸ</strong></span> <span class='ocrx_word' id='word_1_236' title='bbox 228 2678 279 2726; x_wconf 70' lang='grc' dir='ltr'><strong>τοῦ</strong></span> <span class='ocrx_word' id='word_1_237' title='bbox 297 2675 431 2744; x_wconf 75' lang='grc' dir='ltr'><strong><em>ἄρχοντος</em></strong></span> <span class='ocrx_word' id='word_1_238' title='bbox 449 2680 496 2728; x_wconf 74' lang='grc' dir='ltr'><strong>καὶ</strong></span> <span class='ocrx_word' id='word_1_239' title='bbox 514 2681 564 2729; x_wconf 76' lang='grc' dir='ltr'><strong>τοῦ</strong></span> <span class='ocrx_word' id='word_1_240' title='bbox 583 2679 667 2729; x_wconf 74' lang='grc' dir='ltr'><strong><em>καλόν</em></strong></span> <span class='ocrx_word' id='word_1_241' title='bbox 679 2698 706 2729; x_wconf 71' lang='grc' dir='ltr'><strong>τι</strong></span> <span class='ocrx_word' id='word_1_242' title='bbox 749 2680 855 2745; x_wconf 83' lang='lat' dir='ltr'><strong>proinde</strong></span> <span class='ocrx_word' id='word_1_243' title='bbox 868 2683 959 2746; x_wconf 83' lang='lat' dir='ltr'><strong>parati</strong></span> <span class='ocrx_word' id='word_1_244' title='bbox 979 2683 1114 2746; x_wconf 76' lang='lat' dir='ltr'><strong>intentique</strong></span> <span class='ocrx_word' id='word_1_245' title='bbox 1131 2687 1300 2750; x_wconf 79' lang='lat' dir='ltr'><strong>essenr‚stqno</strong></span> 
     </span>
     <span class='ocr_line' id='line_1_25' title="bbox 150 2759 1301 2831; baseline 0.008 -22"><span class='ocrx_word' id='word_1_246' title='bbox 150 2760 300 2816; x_wconf 67' lang='lat' dir='ltr'><strong>consuesse</strong></span> <span class='ocrx_word' id='word_1_247' title='bbox 315 2759 435 2827; x_wconf 73' lang='grc' dir='ltr'><strong><em>ὁρᾶσθαι</em></strong></span> <span class='ocrx_word' id='word_1_248' title='bbox 445 2760 548 2822; x_wconf 76' lang='grc' dir='ltr'><strong><em>μᾶλλον</em></strong></span> <span class='ocrx_word' id='word_1_249' title='bbox 556 2761 706 2831; x_wconf 74' lang='grc' dir='ltr'><strong><em>ὀρέγεσθαι</em></strong></span> <span class='ocrx_word' id='word_1_250' title='bbox 752 2761 822 2820; x_wconf 83' lang='lat' dir='ltr'><strong>dato,</strong></span> <span class='ocrx_word' id='word_1_251' title='bbox 832 2761 1089 2814; x_wconf 80' lang='lat' dir='ltr'><strong>Romanosinoudere.</strong></span> <span class='ocrx_word' id='word_1_252' title='bbox 1113 2764 1301 2818; x_wconf 86' lang='lat' dir='ltr'><strong>Cortiusmulta</strong></span> 
     </span>
     <span class='ocr_line' id='line_1_26' title="bbox 151 2828 1300 2911; baseline 0.007 -21"><span class='ocrx_word' id='word_1_253' title='bbox 151 2828 203 2890; x_wconf 65' lang='lat' dir='ltr'><strong>sit</strong></span> <span class='ocrx_word' id='word_1_254' title='bbox 229 2843 280 2891; x_wconf 79' lang='grc' dir='ltr'><strong>τοῦ</strong></span> <span class='ocrx_word' id='word_1_255' title='bbox 309 2843 425 2910; x_wconf 68' lang='grc' dir='ltr'><strong>αἰσχρόν</strong></span> <span class='ocrx_word' id='word_1_256' title='bbox 447 2861 477 2890; x_wconf 82' lang='lat' dir='ltr'><strong>m</strong></span> <span class='ocrx_word' id='word_1_257' title='bbox 494 2853 585 2894; x_wconf 72' lang='grc' dir='ltr'><strong><em>ποιεῖν</em></strong></span> <span class='ocrx_word' id='word_1_258' title='bbox 603 2845 705 2904; x_wconf 77' lang='grc' dir='ltr'><strong><em>μᾶλλον</em></strong></span> <span class='ocrx_word' id='word_1_259' title='bbox 751 2845 867 2907; x_wconf 81' lang='lat' dir='ltr'><strong>exempla</strong></span> <span class='ocrx_word' id='word_1_260' title='bbox 880 2846 974 2904; x_wconf 81' lang='lat' dir='ltr'><strong>attulit,</strong></span> <span class='ocrx_word' id='word_1_261' title='bbox 992 2847 1059 2894; x_wconf 89' lang='lat' dir='ltr'><strong>unda</strong></span> <span class='ocrx_word' id='word_1_262' title='bbox 1076 2847 1135 2894; x_wconf 91' lang='lat' dir='ltr'><strong>satis</strong></span> <span class='ocrx_word' id='word_1_263' title='bbox 1149 2855 1300 2911; x_wconf 82' lang='lat' dir='ltr'><strong>apparetro-</strong></span> 
     </span>
     <span class='ocr_line' id='line_1_27' title="bbox 150 2924 1299 2991; baseline 0.006 -18"><span class='ocrx_word' id='word_1_264' title='bbox 150 2926 368 2991; x_wconf 71' lang='grc' dir='ltr'><strong>προθυμεῖσθαι</strong></span> <span class='ocrx_word' id='word_1_265' title='bbox 385 2924 552 2990; x_wconf 71' lang='grc' dir='ltr'><strong>ἀπέχεσθαι.</strong></span> <span class='ocrx_word' id='word_1_266' title='bbox 590 2931 705 2980; x_wconf 88' lang='lat' dir='ltr'><strong>Verbum</strong></span> <span class='ocrx_word' id='word_1_267' title='bbox 750 2937 805 2975; x_wconf 81' lang='lat' dir='ltr'><strong>cem</strong></span> <span class='ocrx_word' id='word_1_268' title='bbox 828 2941 878 2975; x_wconf 91' lang='lat' dir='ltr'><strong>non</strong></span> <span class='ocrx_word' id='word_1_269' title='bbox 896 2927 1048 2988; x_wconf 82' lang='lat' dir='ltr'><strong>significare,</strong></span> <span class='ocrx_word' id='word_1_270' title='bbox 1064 2929 1131 2989; x_wconf 91' lang='lat' dir='ltr'><strong>quod</strong></span> <span class='ocrx_word' id='word_1_271' title='bbox 1147 2928 1188 2978; x_wconf 88' lang='lat' dir='ltr'><strong>hic</strong></span> <span class='ocrx_word' id='word_1_272' title='bbox 1206 2931 1233 2980; x_wconf 91' lang='lat' dir='ltr'><strong>in</strong></span> <span class='ocrx_word' id='word_1_273' title='bbox 1252 2932 1299 2980; x_wconf 84' lang='lat' dir='ltr'><strong>Ta-</strong></span> 
     </span>
     <span class='ocr_line' id='line_1_28' title="bbox 151 3006 1299 3072; baseline 0 -16"><span class='ocrx_word' id='word_1_274' title='bbox 151 3010 220 3057; x_wconf 76' lang='lat' dir='ltr'><strong>idsn</strong></span> <span class='ocrx_word' id='word_1_275' title='bbox 236 3023 336 3057; x_wconf 74' lang='lat' dir='ltr'><strong>macera</strong></span> <span class='ocrx_word' id='word_1_276' title='bbox 351 3011 704 3072; x_wconf 83' lang='lat' dir='ltr'><strong>provinciam,noscereaxer·</strong></span> <span class='ocrx_word' id='word_1_277' title='bbox 750 3008 800 3055; x_wconf 87' lang='lat' dir='ltr'><strong>cito</strong></span> <span class='ocrx_word' id='word_1_278' title='bbox 828 3006 974 3069; x_wconf 86' lang='lat' dir='ltr'><strong>requiritur,</strong></span> <span class='ocrx_word' id='word_1_279' title='bbox 1004 3007 1108 3056; x_wconf 89' lang='lat' dir='ltr'><strong>minime</strong></span> <span class='ocrx_word' id='word_1_280' title='bbox 1141 3009 1176 3056; x_wconf 90' lang='lat' dir='ltr'><strong>sic</strong></span> <span class='ocrx_word' id='word_1_281' title='bbox 1207 3009 1299 3072; x_wconf 87' lang='lat' dir='ltr'><strong>opponi</strong></span> 
     </span>
     <span class='ocr_line' id='line_1_29' title="bbox 150 3089 833 3156; baseline -0.004 -18"><span class='ocrx_word' id='word_1_282' title='bbox 150 3091 232 3139; x_wconf 87' lang='lat' dir='ltr'><strong>citum</strong></span> <span class='ocrx_word' id='word_1_283' title='bbox 260 3091 386 3152; x_wconf 78' lang='lat' dir='ltr'><strong>eleganter</strong></span> <span class='ocrx_word' id='word_1_284' title='bbox 411 3093 546 3154; x_wconf 88' lang='lat' dir='ltr'><strong>repetitur,</strong></span> <span class='ocrx_word' id='word_1_285' title='bbox 572 3107 622 3156; x_wconf 89' lang='lat' dir='ltr'><strong>quo</strong></span> <span class='ocrx_word' id='word_1_286' title='bbox 639 3094 705 3155; x_wconf 87' lang='lat' dir='ltr'><strong>cupi·</strong></span> <span class='ocrx_word' id='word_1_287' title='bbox 751 3089 833 3136; x_wconf 81' lang='lat' dir='ltr'><strong>anxio.</strong></span> 
     </span>
    </p>

    <p class='ocr_par' dir='ltr' id='par_1_4' title="bbox 151 3167 1298 3239">
     <span class='ocr_line' id='line_1_30' title="bbox 151 3167 1298 3239; baseline 0.005 -21"><span class='ocrx_word' id='word_1_288' title='bbox 151 3171 220 3219; x_wconf 87' lang='lat' dir='ltr'><strong>ditas</strong></span> <span class='ocrx_word' id='word_1_289' title='bbox 246 3169 358 3218; x_wconf 84' lang='lat' dir='ltr'><strong>noscendi</strong></span> <span class='ocrx_word' id='word_1_290' title='bbox 381 3174 461 3235; x_wconf 80' lang='lat' dir='ltr'><strong>magis</strong></span> <span class='ocrx_word' id='word_1_291' title='bbox 484 3181 608 3237; x_wconf 77' lang='lat' dir='ltr'><strong>appareat.</strong></span> <span class='ocrx_word' id='word_1_292' title='bbox 633 3173 704 3222; x_wconf 85' lang='lat' dir='ltr'><strong>Taci-</strong></span> <span class='ocrx_word' id='word_1_293' title='bbox 784 3167 957 3218; x_wconf 72' lang='lat' dir='ltr'><strong>Emeruitotr&#39;or</strong></span> <span class='ocrx_word' id='word_1_294' title='bbox 981 3169 1108 3233; x_wconf 81' lang='lat' dir='ltr'><strong>maqisque</strong></span> <span class='ocrx_word' id='word_1_295' title='bbox 1132 3172 1158 3220; x_wconf 84' lang='lat' dir='ltr'><strong>in</strong></span> <span class='ocrx_word' id='word_1_296' title='bbox 1179 3173 1298 3239; x_wconf 78' lang='lat' dir='ltr'><strong>emtique.</strong></span> 
     </span>
    </p>
   </div>
   <div class='ocr_carea' id='block_1_4' title="bbox 151 3251 732 4540">
    <p class='ocr_par' dir='ltr' id='par_1_5' title="bbox 151 3251 704 3788">
     <span class='ocr_line' id='line_1_31' title="bbox 151 3251 703 3317; baseline 0.005 -17"><span class='ocrx_word' id='word_1_297' title='bbox 151 3259 194 3300; x_wconf 82' lang='lat' dir='ltr'><strong>tus</strong></span> <span class='ocrx_word' id='word_1_298' title='bbox 220 3264 295 3314; x_wconf 87' lang='lat' dir='ltr'><strong>saepe</strong></span> <span class='ocrx_word' id='word_1_299' title='bbox 320 3251 354 3299; x_wconf 88' lang='lat' dir='ltr'><strong>its</strong></span> <span class='ocrx_word' id='word_1_300' title='bbox 370 3253 491 3317; x_wconf 85' lang='lat' dir='ltr'><strong>loquitur,</strong></span> <span class='ocrx_word' id='word_1_301' title='bbox 509 3257 551 3304; x_wconf 88' lang='lat' dir='ltr'><strong>vel</strong></span> <span class='ocrx_word' id='word_1_302' title='bbox 568 3256 594 3304; x_wconf 89' lang='lat' dir='ltr'><strong>in</strong></span> <span class='ocrx_word' id='word_1_303' title='bbox 612 3255 660 3304; x_wconf 86' lang='lat' dir='ltr'><strong>hoe</strong></span> <span class='ocrx_word' id='word_1_304' title='bbox 675 3255 703 3303; x_wconf 92' lang='lat' dir='ltr'><strong>li·</strong></span> 
     </span>
     <span class='ocr_line' id='line_1_32' title="bbox 151 3331 704 3394; baseline 0.007 -12"><span class='ocrx_word' id='word_1_305' title='bbox 151 3332 234 3382; x_wconf 84' lang='lat' dir='ltr'><strong>bello:</strong></span> <span class='ocrx_word' id='word_1_306' title='bbox 263 3347 317 3394; x_wconf 83' lang='lat' dir='ltr'><strong>esp.</strong></span> <span class='ocrx_word' id='word_1_307' title='bbox 343 3338 364 3381; x_wconf 84' lang='lat'><strong>9.</strong></span> <span class='ocrx_word' id='word_1_308' title='bbox 383 3331 479 3384; x_wconf 83' lang='lat' dir='ltr'><strong>Procul</strong></span> <span class='ocrx_word' id='word_1_309' title='bbox 498 3337 528 3384; x_wconf 82' lang='lat' dir='ltr'><strong>ab</strong></span> <span class='ocrx_word' id='word_1_310' title='bbox 546 3335 704 3386; x_wconf 76' lang='lat' dir='ltr'><strong>aemulatione</strong></span> 
     </span>
     <span class='ocr_line' id='line_1_33' title="bbox 151 3413 704 3480; baseline 0.007 -18"><span class='ocrx_word' id='word_1_311' title='bbox 151 3413 271 3462; x_wconf 80' lang='lat' dir='ltr'><strong>adversus</strong></span> <span class='ocrx_word' id='word_1_312' title='bbox 289 3413 407 3478; x_wconf 78' lang='lat' dir='ltr'><strong>collaque,</strong></span> <span class='ocrx_word' id='word_1_313' title='bbox 423 3417 514 3480; x_wconf 84' lang='lat' dir='ltr'><strong>procul</strong></span> <span class='ocrx_word' id='word_1_314' title='bbox 532 3417 704 3466; x_wconf 83' lang='lat' dir='ltr'><strong>acontentione</strong></span> 
     </span>
     <span class='ocr_line' id='line_1_34' title="bbox 151 3494 702 3558; baseline 0.004 -14"><span class='ocrx_word' id='word_1_315' title='bbox 151 3494 273 3544; x_wconf 82' lang='lat' dir='ltr'><strong>adversus</strong></span> <span class='ocrx_word' id='word_1_316' title='bbox 277 3504 465 3558; x_wconf 82' lang='lat' dir='ltr'><strong>procuratores.</strong></span> <span class='ocrx_word' id='word_1_317' title='bbox 475 3505 517 3547; x_wconf 81' lang='lat'><strong>41.</strong></span> <span class='ocrx_word' id='word_1_318' title='bbox 527 3495 623 3548; x_wconf 79' lang='lat' dir='ltr'><strong>Absens</strong></span> <span class='ocrx_word' id='word_1_319' title='bbox 632 3513 702 3547; x_wconf 86' lang='lat' dir='ltr'><strong>accu-</strong></span> 
     </span>
     <span class='ocr_line' id='line_1_35' title="bbox 152 3577 703 3636; baseline 0.002 -11"><span class='ocrx_word' id='word_1_320' title='bbox 152 3585 235 3636; x_wconf 85' lang='lat' dir='ltr'><strong>satus,</strong></span> <span class='ocrx_word' id='word_1_321' title='bbox 270 3577 358 3625; x_wconf 84' lang='lat' dir='ltr'><strong>absens</strong></span> <span class='ocrx_word' id='word_1_322' title='bbox 383 3577 509 3627; x_wconf 82' lang='lat' dir='ltr'><strong>absolutus</strong></span> <span class='ocrx_word' id='word_1_323' title='bbox 534 3587 578 3627; x_wconf 87' lang='lat' dir='ltr'><strong>est.</strong></span> <span class='ocrx_word' id='word_1_324' title='bbox 605 3580 703 3628; x_wconf 86' lang='lat' dir='ltr'><strong>Plinius</strong></span> 
     </span>
     <span class='ocr_line' id='line_1_36' title="bbox 152 3658 702 3721; baseline 0 -15"><span class='ocrx_word' id='word_1_325' title='bbox 152 3659 233 3721; x_wconf 80' lang='lat' dir='ltr'><strong>Epist.</strong></span> <span class='ocrx_word' id='word_1_326' title='bbox 253 3659 289 3706; x_wconf 90' lang='lat' dir='ltr'><strong>V.</strong></span> <span class='ocrx_word' id='word_1_327' title='bbox 307 3663 348 3708; x_wconf 79' lang='lat'><strong>21.</strong></span> <span class='ocrx_word' id='word_1_328' title='bbox 366 3658 520 3708; x_wconf 77' lang='lat' dir='ltr'><strong>Admonebat</strong></span> <span class='ocrx_word' id='word_1_329' title='bbox 536 3667 702 3718; x_wconf 80' lang='lat' dir='ltr'><strong>accusatores,</strong></span> 
     </span>
     <span class='ocr_line' id='line_1_37' title="bbox 152 3738 377 3788; baseline 0.009 -2"><span class='ocrx_word' id='word_1_330' title='bbox 152 3738 297 3788; x_wconf 83' lang='lat' dir='ltr'><strong>admonebat</strong></span> <span class='ocrx_word' id='word_1_331' title='bbox 314 3755 377 3788; x_wconf 86' lang='lat' dir='ltr'><strong>reos.</strong></span> 
     </span>
    </p>

    <p class='ocr_par' dir='ltr' id='par_1_6' title="bbox 151 3818 732 4540">
     <span class='ocr_line' id='line_1_38' title="bbox 185 3818 702 3886; baseline 0.006 -18"><span class='ocrx_word' id='word_1_332' title='bbox 185 3818 313 3882; x_wconf 80' lang='lat' dir='ltr'><strong>Simulque</strong></span> <span class='ocrx_word' id='word_1_333' title='bbox 329 3829 355 3870; x_wconf 87' lang='lat' dir='ltr'><strong>et</strong></span> <span class='ocrx_word' id='word_1_334' title='bbox 370 3823 460 3872; x_wconf 63' lang='lat' dir='ltr'><strong>annus</strong></span> <span class='ocrx_word' id='word_1_335' title='bbox 474 3823 702 3886; x_wconf 79' lang='lat' dir='ltr'><strong>etintentusopere.</strong></span> 
     </span>
     <span class='ocr_line' id='line_1_39' title="bbox 151 3899 703 3967; baseline 0.005 -17"><span class='ocrx_word' id='word_1_336' title='bbox 151 3899 251 3950; x_wconf 80' lang='lat' dir='ltr'><strong>Anxius</strong></span> <span class='ocrx_word' id='word_1_337' title='bbox 277 3911 301 3950; x_wconf 85' lang='lat' dir='ltr'><strong>et</strong></span> <span class='ocrx_word' id='word_1_338' title='bbox 325 3902 432 3952; x_wconf 83' lang='lat' dir='ltr'><strong>intentus</strong></span> <span class='ocrx_word' id='word_1_339' title='bbox 449 3905 588 3967; x_wconf 80' lang='lat' dir='ltr'><strong>significare</strong></span> <span class='ocrx_word' id='word_1_340' title='bbox 605 3904 703 3953; x_wconf 82' lang='lat' dir='ltr'><strong>debebit</strong></span> 
     </span>
     <span class='ocr_line' id='line_1_40' title="bbox 152 3984 703 4043; baseline 0.005 -12"><span class='ocrx_word' id='word_1_341' title='bbox 152 3986 213 4032; x_wconf 83' lang='lat' dir='ltr'><strong>duas</strong></span> <span class='ocrx_word' id='word_1_342' title='bbox 228 3984 334 4032; x_wconf 78' lang='lat' dir='ltr'><strong>virtutes</strong></span> <span class='ocrx_word' id='word_1_343' title='bbox 351 3985 502 4043; x_wconf 86' lang='lat' dir='ltr'><strong>contrarias,</strong></span> <span class='ocrx_word' id='word_1_344' title='bbox 521 3986 565 4033; x_wconf 87' lang='lat' dir='ltr'><strong>sed</strong></span> <span class='ocrx_word' id='word_1_345' title='bbox 577 3985 604 4032; x_wconf 90' lang='lat' dir='ltr'><strong>in</strong></span> <span class='ocrx_word' id='word_1_346' title='bbox 614 3986 703 4034; x_wconf 79' lang='lat' dir='ltr'><strong>inverte</strong></span> 
     </span>
     <span class='ocr_line' id='line_1_41' title="bbox 151 4065 703 4126; baseline 0.004 -13"><span class='ocrx_word' id='word_1_347' title='bbox 151 4065 254 4114; x_wconf 84' lang='lat' dir='ltr'><strong>tribano</strong></span> <span class='ocrx_word' id='word_1_348' title='bbox 283 4067 347 4114; x_wconf 89' lang='lat' dir='ltr'><strong>bene</strong></span> <span class='ocrx_word' id='word_1_349' title='bbox 376 4067 530 4114; x_wconf 88' lang='lat' dir='ltr'><strong>coniunctas.</strong></span> <span class='ocrx_word' id='word_1_350' title='bbox 571 4065 703 4126; x_wconf 80' lang='lat' dir='ltr'><strong>Quomodo</strong></span> 
     </span>
     <span class='ocr_line' id='line_1_42' title="bbox 152 4145 703 4212; baseline 0.011 -19"><span class='ocrx_word' id='word_1_351' title='bbox 152 4145 293 4208; x_wconf 79' lang='lat' dir='ltr'><strong>significare</strong></span> <span class='ocrx_word' id='word_1_352' title='bbox 318 4147 426 4210; x_wconf 86' lang='lat' dir='ltr'><strong>possint,</strong></span> <span class='ocrx_word' id='word_1_353' title='bbox 452 4149 565 4195; x_wconf 89' lang='lat' dir='ltr'><strong>nondum</strong></span> <span class='ocrx_word' id='word_1_354' title='bbox 582 4149 703 4212; x_wconf 83' lang='lat' dir='ltr'><strong>intelligo.</strong></span> 
     </span>
     <span class='ocr_line' id='line_1_43' title="bbox 152 4223 704 4292; baseline 0.007 -18"><span class='ocrx_word' id='word_1_355' title='bbox 152 4223 264 4284; x_wconf 76' lang='lat' dir='ltr'><strong>Araxius,</strong></span> <span class='ocrx_word' id='word_1_356' title='bbox 282 4227 384 4288; x_wconf 89' lang='lat' dir='ltr'><strong>dicunt,</strong></span> <span class='ocrx_word' id='word_1_357' title='bbox 402 4235 439 4278; x_wconf 89' lang='lat' dir='ltr'><strong>est</strong></span> <span class='ocrx_word' id='word_1_358' title='bbox 454 4234 552 4287; x_wconf 71' lang='lat' dir='ltr'><strong>canals,</strong></span> <span class='ocrx_word' id='word_1_359' title='bbox 567 4227 704 4292; x_wconf 65' lang='lat' dir='ltr'><strong>providear</strong></span> 
     </span>
     <span class='ocr_line' id='line_1_44' title="bbox 153 4310 703 4374; baseline 0.009 -19"><span class='ocrx_word' id='word_1_360' title='bbox 153 4321 234 4370; x_wconf 88' lang='lat' dir='ltr'><strong>neque</strong></span> <span class='ocrx_word' id='word_1_361' title='bbox 250 4315 334 4358; x_wconf 87' lang='lat' dir='ltr'><strong>tamen</strong></span> <span class='ocrx_word' id='word_1_362' title='bbox 353 4311 467 4360; x_wconf 86' lang='lat' dir='ltr'><strong>anxietas</strong></span> <span class='ocrx_word' id='word_1_363' title='bbox 484 4310 507 4358; x_wconf 88' lang='lat' dir='ltr'><strong>ai</strong></span> <span class='ocrx_word' id='word_1_364' title='bbox 523 4310 631 4368; x_wconf 88' lang='lat' dir='ltr'><strong>obstitit,</strong></span> <span class='ocrx_word' id='word_1_365' title='bbox 645 4327 703 4374; x_wconf 90' lang='lat' dir='ltr'><strong>quo-</strong></span> 
     </span>
     <span class='ocr_line' id='line_1_45' title="bbox 153 4389 704 4453; baseline 0.009 -16"><span class='ocrx_word' id='word_1_366' title='bbox 153 4389 250 4448; x_wconf 91' lang='lat' dir='ltr'><strong>minus,</strong></span> <span class='ocrx_word' id='word_1_367' title='bbox 268 4390 290 4438; x_wconf 87' lang='lat' dir='ltr'><strong>si</strong></span> <span class='ocrx_word' id='word_1_368' title='bbox 306 4404 345 4438; x_wconf 91' lang='lat' dir='ltr'><strong>res</strong></span> <span class='ocrx_word' id='word_1_369' title='bbox 362 4399 485 4453; x_wconf 86' lang='lat' dir='ltr'><strong>posceret,</strong></span> <span class='ocrx_word' id='word_1_370' title='bbox 504 4391 611 4438; x_wconf 86' lang='lat' dir='ltr'><strong>intentus</strong></span> <span class='ocrx_word' id='word_1_371' title='bbox 628 4399 704 4452; x_wconf 86' lang='lat' dir='ltr'><strong>esset,</strong></span> 
     </span>
     <span class='ocr_line' id='line_1_46' title="bbox 153 4468 732 4540; baseline 0.01 -24"><span class='ocrx_word' id='word_1_372' title='bbox 153 4468 170 4516; x_wconf 88' lang='lat' dir='ltr'><strong>i.</strong></span> <span class='ocrx_word' id='word_1_373' title='bbox 189 4484 209 4518; x_wconf 89' lang='lat' dir='ltr'><strong>e.</strong></span> <span class='ocrx_word' id='word_1_374' title='bbox 236 4471 269 4520; x_wconf 83' lang='lat' dir='ltr'><strong>ad</strong></span> <span class='ocrx_word' id='word_1_375' title='bbox 294 4473 418 4533; x_wconf 83' lang='lat' dir='ltr'><strong>agendum</strong></span> <span class='ocrx_word' id='word_1_376' title='bbox 441 4480 573 4537; x_wconf 85' lang='lat' dir='ltr'><strong>promptus</strong></span> <span class='ocrx_word' id='word_1_377' title='bbox 586 4480 705 4537; x_wconf 86' lang='lat' dir='ltr'><strong>paratus·</strong></span> <span class='ocrx_word' id='word_1_378' title='bbox 730 4535 732 4540; x_wconf 68' lang='lat'><strong>,</strong></span> 
     </span>
    </p>
   </div>
   <div class='ocr_carea' id='block_1_5' title="bbox 749 3252 1298 4533">
    <p class='ocr_par' dir='ltr' id='par_1_7' title="bbox 749 3252 1298 4533">
     <span class='ocr_line' id='line_1_47' title="bbox 751 3252 1298 3314; baseline 0.013 -14"><span class='ocrx_word' id='word_1_379' title='bbox 751 3252 898 3301; x_wconf 84' lang='lat' dir='ltr'><strong>Buchnerus</strong></span> <span class='ocrx_word' id='word_1_380' title='bbox 931 3252 1046 3302; x_wconf 92' lang='lat' dir='ltr'><strong>emendat</strong></span> <span class='ocrx_word' id='word_1_381' title='bbox 1071 3253 1219 3314; x_wconf 72' lang='lat' dir='ltr'><strong>concitatior,</strong></span> <span class='ocrx_word' id='word_1_382' title='bbox 1236 3257 1253 3307; x_wconf 88' lang='lat' dir='ltr'><strong>i.</strong></span> <span class='ocrx_word' id='word_1_383' title='bbox 1276 3271 1298 3306; x_wconf 87' lang='lat' dir='ltr'><strong>e.</strong></span> 
     </span>
     <span class='ocr_line' id='line_1_48' title="bbox 750 3333 1298 3396; baseline 0.009 -14"><span class='ocrx_word' id='word_1_384' title='bbox 750 3334 866 3392; x_wconf 87' lang='lat' dir='ltr'><strong>ferocior,</strong></span> <span class='ocrx_word' id='word_1_385' title='bbox 882 3333 963 3396; x_wconf 82' lang='lat' dir='ltr'><strong>magis</strong></span> <span class='ocrx_word' id='word_1_386' title='bbox 977 3340 1109 3384; x_wconf 87' lang='lat' dir='ltr'><strong>commota.</strong></span> <span class='ocrx_word' id='word_1_387' title='bbox 1126 3337 1298 3386; x_wconf 84' lang='lat' dir='ltr'><strong>Kritziuslau-</strong></span> 
     </span>
     <span class='ocr_line' id='line_1_49' title="bbox 749 3415 1297 3479; baseline 0.004 -15"><span class='ocrx_word' id='word_1_388' title='bbox 749 3418 805 3474; x_wconf 86' lang='lat' dir='ltr'><strong>dat,</strong></span> <span class='ocrx_word' id='word_1_389' title='bbox 832 3415 939 3464; x_wconf 87' lang='lat' dir='ltr'><strong>Wexiua</strong></span> <span class='ocrx_word' id='word_1_390' title='bbox 960 3415 1054 3473; x_wconf 89' lang='lat' dir='ltr'><strong>reiicit,</strong></span> <span class='ocrx_word' id='word_1_391' title='bbox 1071 3417 1131 3477; x_wconf 85' lang='lat' dir='ltr'><strong>quia</strong></span> <span class='ocrx_word' id='word_1_392' title='bbox 1147 3432 1198 3464; x_wconf 89' lang='lat' dir='ltr'><strong>non</strong></span> <span class='ocrx_word' id='word_1_393' title='bbox 1214 3425 1297 3479; x_wconf 87' lang='lat' dir='ltr'><strong>putat,</strong></span> 
     </span>
     <span class='ocr_line' id='line_1_50' title="bbox 749 3495 1297 3560; baseline 0.004 -15"><span class='ocrx_word' id='word_1_394' title='bbox 749 3497 796 3545; x_wconf 88' lang='lat' dir='ltr'><strong>hoc</strong></span> <span class='ocrx_word' id='word_1_395' title='bbox 813 3497 847 3544; x_wconf 85' lang='lat' dir='ltr'><strong>sio</strong></span> <span class='ocrx_word' id='word_1_396' title='bbox 864 3495 1040 3544; x_wconf 86' lang='lat' dir='ltr'><strong>absolutediei.</strong></span> <span class='ocrx_word' id='word_1_397' title='bbox 1059 3495 1176 3545; x_wconf 82' lang='lat' dir='ltr'><strong>Fortasse</strong></span> <span class='ocrx_word' id='word_1_398' title='bbox 1189 3497 1297 3560; x_wconf 83' lang='lat' dir='ltr'><strong>dieipot·</strong></span> 
     </span>
     <span class='ocr_line' id='line_1_51' title="bbox 749 3576 1298 3636; baseline 0.004 -9"><span class='ocrx_word' id='word_1_399' title='bbox 749 3585 813 3636; x_wconf 88' lang='lat' dir='ltr'><strong>erat,</strong></span> <span class='ocrx_word' id='word_1_400' title='bbox 839 3583 867 3625; x_wconf 94' lang='lat' dir='ltr'><strong>ut</strong></span> <span class='ocrx_word' id='word_1_401' title='bbox 890 3593 916 3624; x_wconf 89' lang='lat' dir='ltr'><strong>v.</strong></span> <span class='ocrx_word' id='word_1_402' title='bbox 941 3591 963 3624; x_wconf 86' lang='lat' dir='ltr'><strong>e.</strong></span> <span class='ocrx_word' id='word_1_403' title='bbox 988 3577 1047 3624; x_wconf 78' lang='lat' dir='ltr'><strong>Lis.</strong></span> <span class='ocrx_word' id='word_1_404' title='bbox 1073 3578 1125 3627; x_wconf 91' lang='lat' dir='ltr'><strong>lV.</strong></span> <span class='ocrx_word' id='word_1_405' title='bbox 1139 3582 1179 3628; x_wconf 83' lang='lat'><strong>³7.</strong></span> <span class='ocrx_word' id='word_1_406' title='bbox 1202 3576 1298 3630; x_wconf 81' lang='lat' dir='ltr'><strong>Clamor</strong></span> 
     </span>
     <span class='ocr_line' id='line_1_52' title="bbox 749 3657 1298 3722; baseline 0.009 -16"><span class='ocrx_word' id='word_1_407' title='bbox 749 3658 881 3706; x_wconf 73' lang='lat' dir='ltr'><strong>excitatior</strong></span> <span class='ocrx_word' id='word_1_408' title='bbox 905 3657 1061 3722; x_wconf 80' lang='lat' dir='ltr'><strong>crebriorque</strong></span> <span class='ocrx_word' id='word_1_409' title='bbox 1082 3660 1112 3708; x_wconf 84' lang='lat' dir='ltr'><strong>ab</strong></span> <span class='ocrx_word' id='word_1_410' title='bbox 1135 3658 1202 3709; x_wconf 75' lang='lat' dir='ltr'><strong>hoste</strong></span> <span class='ocrx_word' id='word_1_411' title='bbox 1219 3661 1298 3711; x_wconf 82' lang='lat' dir='ltr'><strong>sublu-</strong></span> 
     </span>
     <span class='ocr_line' id='line_1_53' title="bbox 750 3739 1297 3800; baseline 0.007 -12"><span class='ocrx_word' id='word_1_412' title='bbox 750 3748 802 3798; x_wconf 85' lang='lat' dir='ltr'><strong>tus‚</strong></span> <span class='ocrx_word' id='word_1_413' title='bbox 819 3745 844 3787; x_wconf 90' lang='lat' dir='ltr'><strong>et</strong></span> <span class='ocrx_word' id='word_1_414' title='bbox 860 3739 910 3788; x_wconf 86' lang='lat' dir='ltr'><strong>aliu</strong></span> <span class='ocrx_word' id='word_1_415' title='bbox 927 3740 1060 3800; x_wconf 76' lang='lat' dir='ltr'><strong>adtentius,</strong></span> <span class='ocrx_word' id='word_1_416' title='bbox 1078 3755 1103 3790; x_wconf 85' lang='lat' dir='ltr'><strong>v.</strong></span> <span class='ocrx_word' id='word_1_417' title='bbox 1121 3755 1142 3790; x_wconf 91' lang='lat' dir='ltr'><strong>c.</strong></span> <span class='ocrx_word' id='word_1_418' title='bbox 1161 3752 1297 3792; x_wconf 84' lang='lat' dir='ltr'><strong>commotus.</strong></span> 
     </span>
     <span class='ocr_line' id='line_1_54' title="bbox 750 3820 1298 3884; baseline 0.005 -14"><span class='ocrx_word' id='word_1_419' title='bbox 750 3820 802 3870; x_wconf 85' lang='lat' dir='ltr'><strong>Sed</strong></span> <span class='ocrx_word' id='word_1_420' title='bbox 825 3821 957 3870; x_wconf 78' lang='lat' dir='ltr'><strong>discrimen</strong></span> <span class='ocrx_word' id='word_1_421' title='bbox 982 3823 1116 3884; x_wconf 84' lang='lat' dir='ltr'><strong>scripturae</strong></span> <span class='ocrx_word' id='word_1_422' title='bbox 1137 3823 1298 3874; x_wconf 84' lang='lat' dir='ltr'><strong>indicandum</strong></span> 
     </span>
     <span class='ocr_line' id='line_1_55' title="bbox 749 3902 1297 3967; baseline 0.005 -17"><span class='ocrx_word' id='word_1_423' title='bbox 749 3908 808 3965; x_wconf 92' lang='lat' dir='ltr'><strong>puto</strong></span> <span class='ocrx_word' id='word_1_424' title='bbox 834 3917 867 3950; x_wconf 85' lang='lat' dir='ltr'><strong>ex</strong></span> <span class='ocrx_word' id='word_1_425' title='bbox 891 3902 1086 3965; x_wconf 84' lang='lat' dir='ltr'><strong>significatione,</strong></span> <span class='ocrx_word' id='word_1_426' title='bbox 1103 3919 1179 3967; x_wconf 88' lang='lat' dir='ltr'><strong>qnam</strong></span> <span class='ocrx_word' id='word_1_427' title='bbox 1197 3906 1297 3953; x_wconf 87' lang='lat' dir='ltr'><strong>Britan-</strong></span> 
     </span>
     <span class='ocr_line' id='line_1_56' title="bbox 749 3983 1296 4048; baseline 0.009 -18"><span class='ocrx_word' id='word_1_428' title='bbox 749 3983 806 4031; x_wconf 88' lang='lat' dir='ltr'><strong>niae</strong></span> <span class='ocrx_word' id='word_1_429' title='bbox 822 3984 924 4032; x_wconf 87' lang='lat' dir='ltr'><strong>tribuas.</strong></span> <span class='ocrx_word' id='word_1_430' title='bbox 942 3984 981 4032; x_wconf 77' lang='lat' dir='ltr'><strong>Ida</strong></span> <span class='ocrx_word' id='word_1_431' title='bbox 996 3986 1095 4048; x_wconf 82' lang='lat' dir='ltr'><strong>respicit</strong></span> <span class='ocrx_word' id='word_1_432' title='bbox 1107 3987 1148 4034; x_wconf 90' lang='lat' dir='ltr'><strong>vel</strong></span> <span class='ocrx_word' id='word_1_433' title='bbox 1157 3985 1296 4044; x_wconf 87' lang='lat' dir='ltr'><strong>Romanos,</strong></span> 
     </span>
     <span class='ocr_line' id='line_1_57' title="bbox 749 4065 1298 4130; baseline 0.004 -18"><span class='ocrx_word' id='word_1_434' title='bbox 749 4065 790 4112; x_wconf 88' lang='lat' dir='ltr'><strong>vel</strong></span> <span class='ocrx_word' id='word_1_435' title='bbox 815 4065 952 4114; x_wconf 86' lang='lat' dir='ltr'><strong>Britannos</strong></span> <span class='ocrx_word' id='word_1_436' title='bbox 976 4065 1051 4128; x_wconf 90' lang='lat' dir='ltr'><strong>ipsos.</strong></span> <span class='ocrx_word' id='word_1_437' title='bbox 1070 4066 1172 4114; x_wconf 86' lang='lat' dir='ltr'><strong>Tacitus</strong></span> <span class='ocrx_word' id='word_1_438' title='bbox 1188 4066 1298 4130; x_wconf 86' lang='lat' dir='ltr'><strong>loquitur</strong></span> 
     </span>
     <span class='ocr_line' id='line_1_58' title="bbox 750 4147 1298 4210; baseline 0.004 -16"><span class='ocrx_word' id='word_1_439' title='bbox 750 4147 781 4194; x_wconf 90' lang='lat' dir='ltr'><strong>de</strong></span> <span class='ocrx_word' id='word_1_440' title='bbox 814 4147 880 4195; x_wconf 87' lang='lat' dir='ltr'><strong>tristi</strong></span> <span class='ocrx_word' id='word_1_441' title='bbox 907 4160 991 4194; x_wconf 83' lang='lat' dir='ltr'><strong>rerum</strong></span> <span class='ocrx_word' id='word_1_442' title='bbox 1015 4147 1173 4206; x_wconf 86' lang='lat' dir='ltr'><strong>conditione,</strong></span> <span class='ocrx_word' id='word_1_443' title='bbox 1198 4147 1225 4196; x_wconf 91' lang='lat' dir='ltr'><strong>in</strong></span> <span class='ocrx_word' id='word_1_444' title='bbox 1248 4163 1298 4210; x_wconf 84' lang='lat' dir='ltr'><strong>qua</strong></span> 
     </span>
     <span class='ocr_line' id='line_1_59' title="bbox 751 4226 1297 4292; baseline 0.007 -18"><span class='ocrx_word' id='word_1_445' title='bbox 751 4226 860 4275; x_wconf 80' lang='lat' dir='ltr'><strong>Romani</strong></span> <span class='ocrx_word' id='word_1_446' title='bbox 883 4228 1053 4276; x_wconf 86' lang='lat' dir='ltr'><strong>versabantur.</strong></span> <span class='ocrx_word' id='word_1_447' title='bbox 1080 4227 1225 4287; x_wconf 84' lang='lat' dir='ltr'><strong>Britannia,</strong></span> <span class='ocrx_word' id='word_1_448' title='bbox 1242 4244 1297 4292; x_wconf 90' lang='lat' dir='ltr'><strong>pro·</strong></span> 
     </span>
     <span class='ocr_line' id='line_1_60' title="bbox 750 4308 1298 4371; baseline 0.011 -17"><span class='ocrx_word' id='word_1_449' title='bbox 750 4308 833 4355; x_wconf 83' lang='lat' dir='ltr'><strong>vincia</strong></span> <span class='ocrx_word' id='word_1_450' title='bbox 857 4322 913 4365; x_wconf 89' lang='lat' dir='ltr'><strong>sna,</strong></span> <span class='ocrx_word' id='word_1_451' title='bbox 935 4321 991 4368; x_wconf 89' lang='lat' dir='ltr'><strong>pars</strong></span> <span class='ocrx_word' id='word_1_452' title='bbox 1008 4309 1118 4371; x_wconf 88' lang='lat' dir='ltr'><strong>imperii,</strong></span> <span class='ocrx_word' id='word_1_453' title='bbox 1136 4317 1192 4358; x_wconf 87' lang='lat' dir='ltr'><strong>erut</strong></span> <span class='ocrx_word' id='word_1_454' title='bbox 1207 4310 1233 4358; x_wconf 83' lang='lat' dir='ltr'><strong>in</strong></span> <span class='ocrx_word' id='word_1_455' title='bbox 1250 4326 1298 4360; x_wconf 88' lang='lat' dir='ltr'><strong>um-</strong></span> 
     </span>
     <span class='ocr_line' id='line_1_61' title="bbox 751 4388 1297 4452; baseline 0.009 -14"><span class='ocrx_word' id='word_1_456' title='bbox 751 4388 834 4452; x_wconf 81' lang='lat' dir='ltr'><strong>biquo,</strong></span> <span class='ocrx_word' id='word_1_457' title='bbox 848 4389 880 4438; x_wconf 89' lang='lat' dir='ltr'><strong>de</strong></span> <span class='ocrx_word' id='word_1_458' title='bbox 895 4392 1049 4451; x_wconf 90' lang='lat' dir='ltr'><strong>possessione</strong></span> <span class='ocrx_word' id='word_1_459' title='bbox 1066 4389 1119 4439; x_wconf 87' lang='lat' dir='ltr'><strong>aius</strong></span> <span class='ocrx_word' id='word_1_460' title='bbox 1131 4391 1297 4442; x_wconf 86' lang='lat' dir='ltr'><strong>dubitabatur.</strong></span> 
     </span>
     <span class='ocr_line' id='line_1_62' title="bbox 752 4471 1298 4533; baseline 0.002 -11"><span class='ocrx_word' id='word_1_461' title='bbox 752 4471 867 4522; x_wconf 90' lang='lat' dir='ltr'><strong>Primum</strong></span> <span class='ocrx_word' id='word_1_462' title='bbox 887 4471 918 4522; x_wconf 86' lang='lat' dir='ltr'><strong>de</strong></span> <span class='ocrx_word' id='word_1_463' title='bbox 943 4471 1036 4533; x_wconf 88' lang='lat' dir='ltr'><strong>saluta,</strong></span> <span class='ocrx_word' id='word_1_464' title='bbox 1061 4486 1122 4523; x_wconf 82' lang='lat' dir='ltr'><strong>mox</strong></span> <span class='ocrx_word' id='word_1_465' title='bbox 1148 4475 1298 4526; x_wconf 85' lang='lat' dir='ltr'><strong>devictoris</strong></span> 
     </span>
    </p>
   </div>
   <div class='ocr_carea' id='block_1_6' title="bbox 0 0 1572 5300">
    <p class='ocr_par' dir='ltr' id='par_1_8' title="bbox 0 0 1572 5300">
     <span class='ocr_line' id='line_1_63' title="bbox 0 0 1572 5300; baseline 0 0"><span class='ocrx_word' id='word_1_466' title='bbox 0 0 1572 5300; x_wconf 95' lang='lat' dir='ltr'><strong> </strong></span> 
     </span>
    </p>
   </div>
  </div>
 </body>
</html>
