3074 5310
285 547 347 610 186
699 557 852 606 eoaaann
876 556 985 608 atem

277 729 424 820 Agricola
469 729 641 820 posteritati
687 741 830 794 narratus
876 741 907 796 et
954 727 1087 796 traditus
1133 743 1287 820 superstes
1333 734 1408 802 erit.

275 980 458 1060 hominum,
493 980 538 1045 ita
571 978 737 1044 simulacra
768 979 873 1045 tultus
895 976 1054 1044 imbecilla
1078 1000 1116 1043 ao
1137 979 1282 1046 mortalia
1306 994 1404 1061 sunt,

275 1085 377 1150 forma
410 1087 523 1152 mentis
557 1096 698 1163 aeterna,
734 1107 829 1173 quam
864 1085 1034 1173 exprimere
1068 1095 1100 1150 et
1129 1097 1235 1152 tenere
1258 1109 1327 1152 non
1348 1109 1408 1177 per

275 1190 409 1256 alienam
440 1191 602 1257 materiam
636 1203 668 1257 et
703 1203 819 1264 artem,
856 1189 909 1255 sed
943 1191 1003 1255 tuis
1038 1190 1103 1278 ipse
1126 1191 1265 1257 moribus
1289 1198 1399 1282 possis.

277 1295 436 1386 Quidquid
471 1297 661 1376 amavimus,
687 1295 840 1385 quidquid
863 1295 967 1360 mirati
990 1318 1116 1375 sumus,
1140 1310 1249 1364 manet
1272 1322 1402 1370 mansu·

275 1424 410 1491 rumque
444 1415 489 1469 est
519 1404 552 1468 in
585 1403 695 1467 animis
729 1401 911 1478 hominum,
946 1403 979 1466 in
1003 1403 1186 1468 aeternitate
1209 1415 1404 1494 temporum.

275 1505 357 1574 Nam
388 1508 503 1572 multos
533 1519 672 1574 veterum
695 1507 780 1572 velut
802 1507 949 1595 inglorios
972 1518 1003 1573 et
1026 1506 1180 1596 ignobiles
1203 1511 1321 1579 oblivio
1344 1516 1397 1581 ol>-

275 1624 364 1678 ruat:
403 1611 549 1702 Agricola
583 1611 755 1700 posteritati
787 1624 930 1678 narratus
963 1624 995 1678 et
1028 1612 1160 1680 traditus
1189 1616 1276 1684 fama
1299 1643 1394 1688 rerum

278 1730 433 1804 superstes
456 1719 526 1786 erit.

308 1903 365 1954 Iam
393 1919 439 1969 pro
467 1919 494 1956 aa
522 1905 625 1970 quiaque
640 1904 744 1965 iudicet,
761 1911 816 1958 nter
861 1907 959 1972 dignior
984 1909 1023 1958 sit.
1050 1911 1080 1963 Si
1104 1911 1214 1962 iudicent
1239 1913 1330 1966 Tacito
1353 1931 1404 1970 aare

275 1983 386 2048 epilogus
409 1986 483 2037 huius
498 1987 589 2048 libelli,
606 1987 649 2052 qui
664 1989 740 2052 vulgo
755 1988 815 2052 legi·
860 1989 1013 2053 digniorem,
1036 1992 1153 2044 Tacitum
1169 1994 1217 2046 isto
1232 1997 1316 2062 potina
1332 2002 1404 2053 modo

276 2071 328 2126 tar,
345 2081 378 2117 an
394 2081 469 2132 qoem
486 2081 532 2133 ago
548 2069 708 2131 concinnari,
726 2069 814 2120 Tacito
859 2071 984 2137 aoripaioao
999 2071 1149 2127 fatebantur.
