3134 5310
655 531 833 581 nunrcotn.
1297 518 1319 578 9

169 704 231 769 bns
262 701 413 767 facillime
444 699 626 788 gignuntur.
668 698 709 764 At
740 721 826 765 nunc
849 707 1014 764 narraturo
1039 698 1117 764 mihi
1140 700 1237 766 sitnm
1260 699 1316 766 de·

166 809 274 874 iuncti
297 806 434 872 hominis
458 804 549 870 venia
572 825 650 892 opus
673 804 753 884 init,
779 828 875 894 quum
901 827 964 868 non
987 805 1133 893 petissem
1157 807 1317 870 incusetu-

168 937 224 978 rus
249 926 314 978 tem
339 933 428 978 sceva
453 922 485 976 et
507 909 620 974 infeste
644 909 812 975 virtutibus
836 923 989 1000 tempore.

216 1017 259 1083 ii.
291 1017 458 1106 Legimus,
492 1037 591 1104 quum
623 1013 763 1081 Aruleno
787 1017 916 1082 Rustico
941 1016 1052 1082 Pectus
1078 1016 1233 1094 Thrasea,
1258 1015 1316 1082 He·

168 1214 245 1265 inulto
261 1214 434 1265 foedissimum
458 1218 508 1271 est,
533 1217 630 1269 totnm;
655 1211 718 1260 sicut
764 1231 834 1280 porc.
866 1216 898 1264 In
923 1212 1032 1276 perfecto
1049 1215 1178 1265 indicativi
1195 1228 1268 1277 saepe
1284 1228 1315 1263 ee

168 1299 247 1346 etiem
263 1297 290 1344 in
303 1303 381 1360 parte
397 1292 616 1358 deforntezutique
625 1291 648 1340 si
653 1306 719 1355 pars
765 1296 914 1360 significatio
930 1296 1047 1346 cernitur.
1064 1296 1096 1344 ci.
1115 1296 1183 1346 Cort.
1206 1298 1239 1344 ed
1256 1295 1310 1345 Sel·

164 1377 294 1442 posterior
319 1376 345 1424 in
368 1373 483 1424 clausula
504 1371 718 1438 deprehendatur,
764 1376 822 1426 lust.
849 1379 952 1442 Frsgm.
977 1395 1002 1444 p.
1021 1383 1078 1430 eet.
1097 1379 1131 1426 iit
1147 1393 1209 1441 opus
1226 1376 1314 1426 inisset

167 1466 215 1507 out
231 1473 320 1506 rursus
333 1457 408 1521 prior
424 1455 450 1502 in
466 1454 586 1519 inpressu.
606 1453 718 1514 Quiddi·
765 1459 852 1518 venie,
878 1475 936 1509 cum
962 1459 1059 1525 antiqui
1084 1459 1164 1508 cleros
1180 1459 1247 1507 viros
1263 1459 1315 1506 len·

167 1547 236 1589 ceret
252 1539 383 1602 magister,
396 1537 418 1586 si
436 1534 583 1598 Agricolam
598 1533 716 1598 legisset?
764 1539 852 1588 darem
881 1542 922 1590 vel
946 1542 1031 1601 vivos,
1056 1543 1098 1591 vel
1122 1546 1245 1598 mortuos,
1271 1539 1315 1588 sed

168 1620 273 1671 Centies
288 1626 417 1684 peccetum
434 1623 480 1666 est.
764 1619 827 1678 cito,
852 1622 903 1670 imo
929 1624 1043 1672 nondum
1066 1623 1176 1686 sepultos
1201 1621 1313 1670 oratione

207 1700 293 1751 Vitam
318 1698 432 1764 defuncti
454 1697 563 1746 leminis.
588 1696 657 1757 Quid
673 1696 718 1744 mi-
764 1699 871 1752 innebri.
903 1703 992 1753 Tecito
1021 1719 1083 1768 opus
1113 1703 1200 1752 suisset
1224 1701 1312 1760 venis,

166 1799 226 1832 rum
242 1783 264 1831 si
281 1779 412 1846 defuncti?
431 1777 718 1841 Poteretoliquisvitem
764 1784 888 1842 narranti,
905 1785 1030 1843 laudanti,
1043 1785 1198 1848 quadrienno
1211 1783 1313 1832 demum

166 1878 271 1913 nurture
293 1862 403 1911 hominis
424 1859 534 1910 defuncti
550 1873 575 1906 v.
592 1873 614 1906 c.
632 1871 718 1906 mense
763 1870 819 1926 post
843 1871 957 1914 mortem,
984 1865 1100 1914 Tardis„
1122 1865 1200 1914 tribui
1216 1871 1313 1928 potem

166 1951 224 2010 post
248 1951 363 1993 mortem.
387 1943 528 1990 Discrimen
545 1939 665 2002 temporis
681 1940 717 1987 in·
763 1946 944 2008 negligentiae,
961 1947 1100 2003 socordiae,
1117 1946 1159 1995 vel
1176 1947 1238 1994 odeo
1252 1946 1311 1994 stul-

166 2033 205 2075 ter
230 2031 358 2074 narratum
381 2024 509 2072 viventem
531 2027 556 2069 et
572 2019 718 2068 defunctum
763 2025 833 2072 titise
857 2025 908 2074 iere
932 2027 1022 2084 simili,
1044 2041 1120 2089 quom
1138 2027 1253 2075 Tiberius
1270 2041 1312 2075 ex·

166 2108 237 2156 haud
261 2112 324 2156 essm
345 2112 456 2163 lanium,
473 2109 501 2152 ui
518 2103 554 2151 ⁸i⁰
569 2113 717 2149 mflmOrare·
762 2105 889 2169 probrsvit
906 2107 1040 2156 Iliensibus
1056 2107 1245 2170 legetis,serins
1253 2121 1311 2156 con·

167 2195 222 2247 tur,
239 2187 410 2250 tsrclitstisqne
427 2191 552 2250 peteretur
568 2181 717 2232 ventums-
763 2187 900 2236 solentibns
922 2194 1029 2238 mortem
1045 2190 1148 2249 Liviae,
1164 2189 1235 2254 qussi
1251 2189 1312 2238 obli·

165 2270 247 2318 cimus
270 2269 372 2332 quidem
394 2273 480 2332 postes
495 2267 575 2314 vitem
591 2277 645 2312 esse
662 2277 717 2311 ner·
763 2273 843 2316 terete
866 2269 918 2317 iem
940 2269 1032 2320 doloris
1053 2271 1175 2320 memoris
1190 2271 1309 2320 irridens:

165 2355 246 2399 retem
274 2349 439 2413 quadriennio
470 2347 556 2396 serius.
590 2345 642 2394 Hic
666 2344 717 2392 ium
763 2364 789 2397 se
815 2363 910 2412 quoque
933 2350 1009 2398 uicem
1034 2365 1115 2399 eorum
1132 2350 1227 2409 dolere,
1245 2349 1312 2414 quod

165 2431 335 2494 significatum
352 2431 495 2494 oportebat,
511 2432 641 2491 propterea
656 2439 716 2488 quo·
764 2431 886 2493 epreyiuns
901 2431 975 2480 ciuem
992 2429 1125 2480 Hectorem
1141 2431 1288 2480 omisissent.

164 2513 350 2577 que,quiovox
358 2507 716 2571 lominisitoviuliquamnni·
784 2507 846 2559 Turn
867 2525 943 2559 saeua
965 2521 989 2560 et
1005 2512 1110 2576 infesta.
1129 2513 1161 2560 In
1178 2527 1230 2560 uno
1248 2513 1309 2562 Vut.

163 2601 245 2652 retur,
262 2607 325 2657 quus
342 2593 369 2640 in
386 2605 416 2640 ee
423 2591 496 2640 valde
503 2590 597 2652 exigue
604 2588 656 2636 imo
665 2586 716 2636 iere
763 2601 787 2640 et
802 2591 928 2653 infelicia.
947 2591 1002 2652 Sic,
1019 2607 1096 2656 parve
1104 2594 1308 2657 transpositione,

165 2675 235 2723 nulle
252 2681 301 2723 est:
315 2675 356 2722 vel
373 2687 435 2720 nunc
452 2671 548 2734 flagitet
565 2668 713 2732 oppositum.
761 2687 845 2720 rursus
871 2681 1007 2723 nuscuntur
1029 2673 1140 2724 senarii:
1167 2673 1247 2729 Quam
1263 2691 1310 2724 non

166 2754 280 2804 Coniicio
305 2761 363 2803 ente
388 2751 504 2817 defuncti
520 2751 641 2801 excidisse
659 2747 713 2797 diu:
757 2753 888 2817 petissem,
905 2755 1063 2803 incusaturus
1080 2763 1190 2819 tempora
1203 2753 1310 2806 Virtuti·

164 2832 202 2883 At
218 2851 280 2884 nunc
296 2843 431 2883 narraturo
449 2831 508 2881 milri
523 2832 600 2880 vitam
617 2828 659 2878 diu
675 2828 714 2878 de·
761 2835 805 2883 bus
822 2842 871 2883 tam
887 2851 963 2885 saeua
980 2844 1003 2885 et
1019 2835 1144 2900 infelicia.

159 2916 251 2980 suncti
275 2915 385 2964 bomine.
412 2915 458 2964 list
475 2915 566 2963 iterum
585 2910 713 2961 senarius.
793 2913 916 2980 Legimus,
943 2916 1102 2966 Domitianus
1128 2916 1259 2968 Rusticum
1284 2925 1309 2967 at

165 2997 250 3046 Vitari
273 3001 371 3060 poteret
391 2996 522 3045 scribendo
542 2993 618 3043 vitum
642 2991 714 3040 iorni-

164 3079 203 3128 nis
220 3077 264 3126 din
281 3077 403 3142 defuncti.
422 3075 487 3135 Sed,
503 3081 531 3124 ut
547 3075 615 3133 dixi,
631 3089 713 3124 occur-

163 3165 225 3208 runt
240 3165 279 3206 tot
296 3157 397 3214 senarii,
414 3163 454 3215 ut,
472 3157 493 3204 si
510 3162 535 3204 et
550 3157 713 3205 hosetomne

164 3240 235 3290 eliud
260 3233 419 3304 prepositis
433 3238 521 3286 toliere
537 3237 657 3294 velimus,
675 3251 713 3285 or·

164 3321 251 3370 clinem
283 3321 415 3370 verborum
448 3319 474 3367 in
503 3318 592 3382 quavis
622 3319 714 3381 pagine

164 3407 261 3451 mutere
279 3403 420 3450 debeamus.

202 3481 283 3532 Venia
308 3497 370 3546 opus
389 3480 465 3546 fuit,·
484 3496 557 3544 quarn
574 3495 620 3528 non
635 3479 712 3544 petis·

165 3577 212 3611 sem
237 3561 404 3610 incusaturus.
428 3563 460 3610 In
480 3561 610 3610 Vaticanis
628 3561 662 3608 sic
679 3561 711 3608 le-

165 3643 238 3705 gitur.
265 3642 364 3692 Puteol.
390 3641 416 3690 ni
433 3641 598 3690 incusaturus.
619 3638 713 3690 Omnis

165 3724 280 3782 obscure,
296 3723 372 3772 vsriis
388 3724 536 3772 coniecturis
549 3727 652 3780 tentate,
661 3735 712 3769 mo·

165 3805 202 3854 dis
231 3805 363 3869 explicate.
399 3803 506 3856 Wexius
537 3803 615 3854 edidit
641 3817 713 3865 quam

164 3901 210 3934 non
223 3885 354 3950 petissem,
371 3883 538 3944 incensaturus,
555 3886 573 3934 i.
583 3899 604 3934 e.
614 3886 635 3934 si
645 3889 712 3938 incu-

164 3971 261 4015 setums
284 3979 364 4014 essem
388 3966 509 4029 aliquem,
533 3981 584 4016 non
601 3968 712 4018 laudetu-

164 4062 217 4107 rus,
243 4054 298 4096 tum
319 4062 371 4104 non
392 4061 454 4110 opus
475 4047 538 4096 ieret
559 4047 607 4097 bsc
623 4051 710 4101 venie:

164 4133 218 4176 tum
225 4128 293 4176 delet
300 4128 376 4176 umbe
386 4135 435 4175 tarn
443 4143 519 4176 saecu
528 4135 551 4175 et
561 4129 709 4193 infestavir-

165 4208 256 4258 iutilia
282 4216 400 4272 tempora.
435 4210 491 4272 Ego
514 4211 621 4262 conieci:
638 4213 710 4263 uenio

163 4305 225 4353 opus
244 4289 316 4352 suit,
342 4289 369 4338 ni
394 4299 540 4340 excusarent
565 4300 614 4341 tom
635 4310 711 4344 saeua

164 4377 187 4416 et
203 4369 301 4433 infesto
316 4370 450 4420 uirtutibus
468 4380 585 4437 tempora.
602 4373 639 4424 At
648 4376 710 4426 mihi

164 4463 223 4512 opus
234 4450 335 4514 fuisset
351 4453 438 4513 venis,
457 4453 484 4502 ni
493 4462 640 4506 excusarent
649 4462 709 4508 tem·

761 2997 926 3048 Senecionem
942 2997 1062 3061 supplicio
1080 2997 1162 3046 effecit
1178 3011 1235 3044 eu.
1246 3000 1307 3046 847:

760 3079 846 3128 Nerva
869 3080 902 3126 od
926 3078 1059 3140 imperium
1079 3076 1149 3126 venit
1166 3092 1188 3125 u.
1207 3092 1230 3126 e.
1249 3083 1306 3126 849.

760 3159 834 3208 Anni
857 3159 934 3221 igitur
954 3159 1005 3206 duo
1021 3157 1193 3218 intercessere,
1210 3161 1255 3208 sed
1270 3160 1308 3208 in·

759 3241 915 3290 incesserint
939 3245 1002 3298 tres,
1026 3253 1105 3303 quum
1122 3240 1224 3290 Tacitus
1240 3241 1308 3290 hunc

758 3323 872 3370 libellum
905 3321 1081 3384 componebat,
1115 3323 1171 3384 quis
1195 3337 1307 3386 unquam

758 3403 902 3463 historicus,
932 3403 975 3465 qni
1007 3403 1059 3464 ipse
1082 3403 1156 3451 rebus
1181 3403 1306 3462 interfuit,

758 3490 811 3532 tem
827 3484 902 3532 breve
919 3481 1078 3530 intervallum
1095 3482 1130 3530 ite
1146 3483 1305 3545 significevit,

758 3570 787 3612 ut
807 3564 899 3612 diceret
916 3560 1033 3624 lenimus?
1052 3561 1109 3612 Hoc
1125 3577 1202 3628 quem
1217 3571 1305 3624 tenue,

759 3645 810 3693 imo
847 3642 967 3706 frigidum
996 3643 1040 3701 sit,
1069 3645 1110 3693 vel
1140 3645 1194 3710 ipse
1224 3647 1307 3696 Taciti

758 3726 848 3784 umba,
873 3739 931 3774 cum
947 3722 1048 3789 lenimus
1064 3733 1218 3789 comparate,
1235 3744 1305 3778 mon·

759 3811 850 3864 strum,
877 3806 968 3868 scripto
984 3805 1011 3854 in
1027 3819 1081 3868 cap.
1099 3811 1140 3856 45.
1158 3805 1215 3856 Nos
1233 3807 1305 3858 Sene-

759 3887 796 3936 cio
819 3885 940 3936 innocenti
960 3884 1077 3950 sanquine
1089 3886 1217 3951 perfudit.
1253 3889 1305 3948 Qut

758 3973 865 4017 mortem
889 3968 963 4015 istem
988 3965 1113 4028 sdspiccre
1129 3975 1228 4018 mactus
1244 3969 1304 4029 fuit,

758 4046 1305 4113 edeontinnocentisonquinepcrsunderetur,

758 4131 829 4178 iilum
862 4130 903 4177 hic
927 4129 1052 4192 scripsisse
1076 4128 1194 4193 lenimus?
1220 4132 1303 4182 Nemo

757 4211 900 4268 Parisinus,
924 4215 953 4257 ut
977 4209 1025 4258 hoc
1041 4216 1118 4268 uter,
1143 4211 1245 4260 biennio
1262 4214 1303 4262 vel

756 4291 864 4340 triennio
880 4296 936 4352 post
952 4297 1058 4339 mortem
1075 4291 1229 4354 Robespierii
1246 4295 1303 4344 scri·

756 4371 836 4420 beret:
850 4367 981 4434 Lepinus,
999 4385 1070 4433 quum
1089 4367 1242 4424 Maleslerbi
1258 4391 1303 4424 ren

756 4450 895 4502 Ludouicns
921 4452 946 4502 in
972 4449 1063 4503 iudicio
1089 4462 1152 4502 esset
1169 4452 1300 4519 defensus,

1153 4541 1166 4570 ὓ
