3130 5308
242 529 305 590 stt
670 538 823 588 conuaan
847 537 956 586 stom

243 711 368 776 vicistis.
419 710 478 778 Tot
509 707 779 800 expeditionibus,
803 717 851 772 tot
872 704 1020 794 proeliis,
1045 727 1100 772 seu
1123 707 1308 777 fortitudine
1331 713 1388 777 ad·

245 837 351 882 tersus
386 813 509 892 hostes,
547 837 600 880 seu
624 813 776 903 patientia
796 833 833 876 eo
863 809 970 875 labore
993 832 1093 899 paene
1117 811 1262 879 adversus
1285 817 1390 905 ipsam

245 943 353 988 rerum
388 932 534 984 naturam
560 940 637 1008 opus
659 917 739 995 fuit,
765 938 870 1003 neque
892 938 945 981 me
963 915 1101 980 militum
1121 939 1226 1006 neque
1249 943 1302 985 sos
1325 922 1392 987 du-

246 1025 291 1091 ois
314 1024 483 1114 poenituit.
509 1025 592 1112 Ergo
616 1023 750 1112 egressi,
776 1043 833 1109 ego
858 1032 999 1085 veterum
1022 1019 1215 1109 legatorum,
1235 1027 1390 1114 sosprio-

246 1213 347 1262 solenni
363 1211 466 1260 nomine
482 1209 638 1274 appellantur
654 1206 795 1267 milites,in
842 1205 924 1268 cupati
944 1204 1025 1254 fuistis
1042 1205 1069 1254 in
1081 1211 1229 1270 pugnando,
1247 1213 1393 1276 etquidem

245 1293 329 1342 numia
345 1305 444 1356 qnoque
454 1312 459 1341 ι
471 1291 503 1340 ci.
513 1290 683 1353 Lindeubrog.
692 1290 723 1338 ast
733 1287 796 1336 Am·
841 1285 945 1334 feliciter
968 1287 1116 1348 pugnando,
1141 1294 1170 1337 ut
1190 1302 1287 1354 semper
1301 1294 1392 1344 viceri-

245 1374 324 1422 mian.
352 1372 468 1422 Marcell.
494 1371 556 1420 XV.
581 1385 606 1434 p.
625 1376 665 1419 34.
683 1367 794 1420 Gronov.
841 1366 881 1414 tia.
907 1365 996 1416 Livius
1021 1365 1073 1414 IX.
1096 1372 1119 1415 3.
1143 1366 1221 1418 Modo
1246 1371 1395 1425 adiectam

249 1455 281 1504 ad
304 1453 364 1502 Liv.
381 1451 519 1500 XXVIII.
537 1456 561 1501 9.
585 1449 689 1515 Operam
699 1451 797 1514 sortem
838 1445 970 1510 peruenire
996 1445 1083 1507 liceat,
1101 1463 1169 1511 quan
1182 1465 1232 1514 per
1248 1467 1324 1501 annos
1340 1451 1395 1504 iam

246 1543 271 1584 et
299 1532 401 1597 finient
430 1532 578 1594 explicavlt2
601 1532 797 1595 iimperatorum
840 1541 919 1592 prope
944 1525 1048 1590 tripinta
1071 1527 1196 1578 vincimus.
1222 1532 1340 1582 Lucanus
1366 1535 1394 1584 1.

247 1627 379 1672 eorumve,
400 1625 507 1676 quorum
531 1612 646 1675 auspiciis
662 1618 705 1661 aut
721 1613 796 1662 ductu
843 1612 900 1656 299.
925 1604 1054 1656 Bellorum
1075 1625 1088 1656 o
1113 1611 1191 1670 socii,
1208 1612 1252 1675 qui
1267 1613 1333 1662 mille
1345 1630 1394 1680 ps-

247 1711 287 1745 ros
308 1695 416 1758 geritur,
433 1693 511 1743 sutus
528 1699 553 1742 et
569 1692 673 1742 felicitas
690 1698 741 1757 est3
759 1706 797 1742 so·
841 1686 924 1736 ricula
949 1685 1046 1736 Martis
1071 1687 1183 1751 Mecum,
1209 1693 1259 1753 ait,
1276 1696 1393 1759 experti,

246 1777 356 1833 uorum,
380 1775 520 1836 legatorum
544 1773 653 1822 militum
676 1774 756 1822 virtus
772 1779 797 1822 et
842 1765 932 1816 decimo
958 1767 1007 1816 iam
1028 1766 1125 1818 vincitis
1141 1787 1212 1822 anm.
1230 1774 1311 1824 Tacit.
1329 1774 1393 1826 Ger-

245 1855 334 1908 frdes.”
353 1854 470 1905 Primum
486 1855 629 1904 nominasse
644 1855 742 1904 videtur
759 1869 796 1904 so·
841 1863 909 1896 111111·
934 1850 974 1898 57·
993 1845 1196 1900 Sexceniett'mum
1212 1862 1236 1904 et
1253 1855 1393 1922 quadrupe·

246 1940 311 1998 aios,
336 1937 395 2001 quia
419 1937 536 1999 pleraque
557 1936 672 1999 exempla
688 1936 797 1984 Liviana
842 1929 927 1978 simum
942 1944 1030 1978 annuns
1046 1932 1104 1979 urbs
1119 1941 1205 1982 nostra
1213 1937 1309 1999 apcius,
1319 1953 1394 2000 quum

247 2022 281 2070 ed
298 2018 377 2068 socios
393 2016 530 2081 pertinent;
549 2023 574 2065 et
590 2017 797 2079 vulgopeitinere
839 2009 947 2074 prinum
965 2007 1394 2066 Gimbrorumauditasuntarma*

248 2101 355 2160 debent,
371 2113 449 2162 quum
465 2099 497 2146 de
508 2095 564 2158 fide
580 2097 690 2160 ipsorum
706 2095 797 2146 Roma·
844 2105 873 2138 en
908 2105 954 2154 quo
987 2090 1010 2138 si
1039 2089 1075 2139 ad
1097 2091 1201 2142 alterum
1226 2091 1395 2160 Imperatoris

246 2195 338 2232 nomm
363 2193 415 2228 non
432 2179 600 2236 dubitasetur,
617 2178 718 2226 laudare
735 2177 797 2226 adeo
847 2168 872 2218 T
869 2170 955 2220 raiani
962 2171 1287 2238 consulatumcomputemus,
1294 2177 1395 2229 ducenti

248 2261 332 2310 minus
346 2273 402 2309 em
410 2258 576 2307 necessarium
593 2265 664 2308 esset,
678 2257 798 2320 Agricola,
837 2252 924 2313 sermo
941 2258 965 2300 et
982 2249 1063 2300 decem
1077 2253 1136 2302 anai
1152 2255 1307 2321 ooiiipuntur.
1328 2257 1394 2308 Tam

250 2349 336 2394 autern
358 2340 401 2388 hic
425 2339 558 2402 alloquitur
583 2345 608 2386 et
628 2337 756 2396 Romanos
772 2343 798 2384 et
843 2328 886 2378 diu
915 2329 1048 2381 Germania
1070 2334 1185 2386 sinatur.
1219 2338 1324 2389 Wexius
1349 2355 1393 2389 su·

248 2424 344 2482 socios,
361 2435 468 2485 quorum
491 2433 566 2484 opera
581 2419 650 2468 fideli
665 2416 798 2468 coniuncta
843 2411 950 2474 spissius
974 2427 1026 2462 non
1054 2411 1133 2464 VIII
1145 2431 1231 2478 annus,
1247 2418 1289 2466 sod
1304 2416 1396 2468 XIII

247 2506 371 2554 utebatur.
388 2501 504 2565 Denique
519 2503 587 2565 quod
603 2501 723 2550 Ernestus
739 2499 796 2548 scri·
842 2507 919 2541 annus
943 2493 1062 2557 scriptum
1086 2495 1176 2556 tuisse,
1201 2504 1230 2546 nt
1244 2500 1393 2550 recedamus

248 2586 323 2635 beliat
348 2583 381 2632 ud
406 2581 493 2644 Agris.
518 2587 556 2630 19.
578 2594 642 2630 «tusc
658 2579 796 2641 militesfi-
842 2574 874 2621 nd
907 2587 964 2623 cum
994 2590 1102 2638 annum,
1127 2592 1177 2640 quo
1202 2577 1306 2628 Cerialis
1330 2595 1391 2629 cum

250 2665 317 2716 deles
342 2663 470 2720 dicuntur;
495 2662 666 2710 ministrorum
682 2661 796 2710 domesti·
842 2655 942 2716 egregio
964 2657 1075 2704 exercitu
1090 2658 1116 2706 in
1134 2659 1293 2710 Britanniam
1309 2662 1391 2709 venit.

247 2759 334 2797 eorum
351 2748 375 2792 et
383 2742 520 2790 amicorum
527 2742 590 2790 illud
598 2741 724 2804 epitheton
733 2739 796 2789 ast.''
847 2732 951 2784 Vicistis
967 2737 1158 2800 interpretatur,
1174 2747 1203 2788 ut
1217 2755 1263 2802 ego
1279 2741 1391 2791 vincitis.

248 2830 296 2878 hoc
321 2823 359 2873 illi
375 2821 526 2886 impmdenti
547 2822 583 2870 sic
599 2822 700 2870 excidit.
719 2820 796 2881 Quid·
841 2829 901 2863 usus
923 2815 1013 2866 iisdem
1028 2819 1096 2868 Livii
1112 2826 1137 2868 et
1154 2819 1235 2868 Taciti
1251 2822 1392 2884 exemplis,

248 2908 309 2974 quid
325 2913 410 2956 tomen
428 2904 569 2968 scripserim
585 2908 610 2950 et
626 2902 796 2964 cogitaverim,
843 2897 936 2945 addens
953 2897 1029 2948 etiam
1046 2899 1104 2948 Liv.
1122 2899 1202 2950 XXI.
1220 2906 1260 2951 45.
1274 2901 1392 2953 Ferocis·

249 3005 280 3040 eo
297 3003 394 3053 semper
409 2991 534 3045 revertor,
550 2991 579 3034 ut
595 2984 684 3032 melius
697 2988 796 3045 putem:
842 2975 915 3024 simos
932 2975 1077 3042 Hispaniae
1090 2979 1197 3044 populos
1213 2981 1391 3034 vincentesltuc

248 3070 371 3136 auspiciis
388 3067 487 3134 imperii
503 3061 798 3124 Rotnani,cirtute,fiole
842 3057 951 3106 venistis.
976 3057 1016 3108 De
1041 3074 1107 3110 anno
1125 3061 1198 3110 XIII
1214 3063 1314 3125 dubito,
1330 3066 1392 3129 qnia

249 3159 324 3214 atqup
341 3163 419 3213 opera
433 3155 526 3197 vestra,
843 3138 966 3201 seqnitur:
993 3155 1069 3202 nsque
1085 3155 1121 3189 nte
1137 3139 1240 3191 miiitum
1256 3159 1332 3208 neque
1348 3161 1392 3194 vos

289 3229 395 3278 Octavus
418 3243 495 3276 annus
516 3235 565 3286 cst,
583 3241 614 3274 ea
630 3241 677 3288 quo
693 3222 797 3272 Britan·
843 3216 913 3266 ducis
925 3219 1058 3282 poenituit.

249 3311 315 3360 uiam
328 3307 433 3358 vicistis.
451 3307 582 3365 Numarst,
598 3306 679 3355 iudice
696 3304 796 3367 Lipsio‚
880 3295 929 3346 Tot
945 3299 1141 3363 expeditionibus
1156 3329 1191 3340 -
1206 3303 1392 3370 uosducispoe·

250 3393 283 3443 sb
299 3390 405 3440 introitu
411 3403 456 3438 sno
464 3389 490 3436 in
499 3387 661 3450 provinciam.
679 3382 798 3447 Sedquid
843 3377 925 3428 nituit.
943 3379 1109 3431 Edidilooum
1126 3384 1209 3446 aliter,
1222 3399 1295 3450 quam
1302 3387 1394 3450 vulgo,

248 3475 298 3524 ista
322 3488 353 3522 es
378 3487 424 3534 quo
449 3469 562 3519 vicistis?
586 3468 614 3516 ni
630 3467 715 3526 fallor,
729 3470 798 3529 post·
844 3458 1001 3520 distinctum,
1019 3475 1052 3511 ax
1068 3463 1222 3525 coniectura,
1238 3466 1289 3516 iam
1304 3467 1396 3518 inedi-

250 3569 324 3618 quasn
348 3551 457 3610 vicistis,
480 3565 542 3598 anno
559 3547 646 3598 abhinc
662 3554 747 3596 octavo
764 3544 798 3594 vi·
844 3541 912 3590 tione
934 3555 991 3590 mss
1015 3557 1038 3592 a.
1059 3549 1121 3594 1826
1138 3548 1274 3610 proposita,
1291 3548 1309 3596 i.
1326 3561 1349 3598 e.
1365 3549 1395 3599 in

251 3633 330 3682 aistis.
357 3631 438 3694 Atqui
463 3645 515 3678 non
540 3629 575 3677 ita
599 3634 644 3679 est.
666 3626 800 3677 Britannia
845 3626 882 3670 tot
899 3623 1099 3685 expeditionibus
1116 3628 1396 3692 etproeliis,sivsopus

252 3714 321 3764 euim
337 3710 418 3758 uicta
442 3709 492 3758 dici
516 3715 596 3771 potest
620 3715 674 3758 turn
699 3710 800 3757 demum
846 3701 892 3750 fuit
912 3700 1057 3754 fortitudine
1074 3706 1126 3755 sive
1141 3708 1273 3770 patientia,
1290 3721 1337 3758 neo
1353 3723 1397 3758 me

251 3807 311 3844 oum
334 3790 408 3839 initio
432 3788 492 3837 anui
508 3787 607 3852 septimi
623 3788 715 3846 hostis,
731 3788 800 3835 velut
845 3792 941 3835 vestrae
966 3801 1070 3849 operae,
1093 3802 1174 3852 noque
1190 3803 1235 3837 vos
1251 3789 1321 3838 ducis
1338 3802 1396 3852 poe-

251 3878 279 3926 in
305 3873 382 3923 aliam
406 3869 526 3928 insulam,
553 3867 716 3918 Caledoniam
737 3873 800 3916 esset
845 3866 929 3914 nituit.
955 3865 1051 3918 Similis
1075 3869 1226 3919 constructio
1246 3870 1273 3918 in
1290 3870 1330 3918 his
1347 3869 1397 3920 Ca·

251 3962 370 4008 remotus.
401 3950 445 4002 Sic
462 3949 596 3999 Britannia
612 3953 664 3998 erat
680 3949 800 3997 terminus
845 3945 902 3994 tulli
927 3944 1011 3996 Carus.
1030 3953 1053 3996 4.
1078 3946 1170 4011 Neque
1193 3948 1269 3998 ullius
1285 3951 1399 4000 natantis

252 4035 453 4101 expeditionum,
479 4031 500 4080 si
520 4031 599 4079 virtus
616 4036 640 4078 et
656 4029 736 4092 gloria
752 4029 800 4078 Ro·
846 4026 960 4090 impetum
986 4028 1064 4076 tratis
1089 4027 1216 4092 Nequisse
1234 4032 1398 4094 praeterire,

251 4117 322 4170 mani
338 4113 448 4165 nominis
464 4116 595 4174 pateretur.
614 4111 648 4159 Et
664 4108 750 4159 multis
758 4123 800 4159 ex-
847 4107 898 4156 sios
918 4107 1037 4172 palmulis
1060 4107 1126 4173 Opus
1138 4112 1214 4173 foret
1228 4109 1327 4170 volare,
1345 4111 1399 4160 siue

251 4197 418 4264 peditionibus
450 4206 512 4256 opus
544 4191 604 4251 tuit,
629 4196 702 4240 antea
726 4205 802 4254 quam
848 4186 929 4236 linteo.
955 4186 1097 4249 Dronkius,
1115 4190 1223 4241 Wexins
1240 4196 1265 4240 et
1282 4191 1400 4241 Kritzius

251 4278 374 4330 vincendo
395 4275 426 4324 ad
445 4272 608 4324 celedonium
623 4285 701 4334 usque
717 4284 800 4334 perse
845 4267 911 4317 hanc
927 4268 1112 4320 distinctionem
1129 4273 1206 4322 secuti
1223 4278 1290 4321 sunt.
1308 4270 1401 4323 Antea

253 4361 356 4408 nissent.
382 4354 464 4405 Taciti
488 4361 560 4417 puto:
593 4350 697 4402 Octavus
723 4367 800 4400 annus
846 4349 1075 4413 coniungebontur:
1089 4349 1342 4416 Toteapeditianibus
1364 4382 1403 4392 -

255 4445 305 4498 est,
327 4452 357 4484 ea
382 4451 428 4500 quo
454 4432 616 4485 Britanniam
633 4432 744 4494 uincitis,
761 4448 825 4511 oe!
846 4447 907 4496 opus
918 4431 992 4495 suit;
1011 4446 1086 4495 nsque
1103 4447 1138 4482 nse
1160 4446 1196 4497 sq.
1243 4467 1246 4472 -
