3134 5310
637 541 817 590 samsom.
1282 531 1300 590 ὅ

152 715 242 806 apud
273 713 392 803 priores
424 723 460 776 ut
489 733 582 800 agere
604 711 700 801 digne
724 721 901 779 memoratu
923 729 1058 798 pronum
1083 711 1246 800 magisque
1269 716 1303 780 in

155 834 267 912 aperto
302 830 391 894 eret,
421 818 465 882 ite
489 817 711 884 celeberrimus
736 819 869 906 quisque
892 814 1020 902 ingenio
1044 813 1083 878 ad
1107 816 1302 903 prodendam

155 1063 211 1104 tam
226 1053 338 1116 vulgaris
355 1057 406 1108 eat,
422 1049 652 1111 samosatenis
661 1050 709 1098 hoc
755 1049 824 1112 Ergo
848 1049 979 1111 scriptores
1003 1049 1036 1098 ad
1061 1049 1212 1102 laudandam
1227 1053 1303 1102 virtu·

158 1135 278 1193 exordio,
294 1132 386 1196 puerili
403 1130 531 1180 doctrinae
547 1132 708 1180 ostentationi
753 1135 805 1178 tem
829 1143 882 1178 non
907 1129 1025 1188 veniunt,
1048 1131 1098 1179 uisi
1114 1133 1194 1182 multo
1210 1135 1303 1194 serius,

159 1215 250 1264 similis
273 1215 397 1262 rideatur.
423 1212 513 1274 Neque
529 1225 590 1260 uero
606 1215 706 1272 minus,
753 1210 1096 1274 quamquadriennio,qnnm
1106 1213 1304 1264 Tacitasadlea·

157 1296 212 1344 imo
232 1295 312 1343 multo
328 1294 410 1355 magis
423 1294 572 1342 mammem
579 1295 708 1356 antiquam
754 1292 865 1340 dandum
883 1291 1030 1354 Agricolam
1047 1292 1303 1361 vanitPcrciemoq·

156 1376 280 1440 pertinet,
296 1389 347 1438 qua
360 1375 441 1422 clar-*os
457 1377 525 1423 viros
541 1387 638 1437 semper
645 1374 707 1422 inri-

157 1459 204 1506 dia
227 1457 350 1504 laborasse
370 1456 485 1518 legimus
503 1456 537 1504 Ilt
553 1469 629 1518 qnam
644 1455 707 1504 invi·

157 1539 231 1587 diem
254 1537 364 1586 dicamus
386 1537 473 1586 aeteus
489 1551 587 1584 morum
603 1536 707 1584 incurio-

158 1617 707 1678 aoethaeinvidetminimeestincoriosa.

158 1698 278 1757 Romani,
286 1699 322 1746 tit
331 1697 434 1746 Tacitus
442 1699 474 1746 da
485 1697 604 1750 Arminio
610 1697 707 1746 Annal.

159 1781 199 1828 ΙΙ,
211 1785 252 1828 88.
270 1777 523 1836 υσεεωεττοίἰίπιυε,
532 1779 708 1827 recentiorem·

158 1859 261 1908 cariosi.
280 1857 348 1921 llrgo
358 1858 549 1908 Arminiusncn
558 1859 662 1922 perinde
669 1873 707 1908 ce·

156 1941 233 1990 lebria
259 1945 313 1990 erat
330 1939 463 1998 Romanis,
480 1940 542 1988 dnm
557 1939 653 1988 interea
668 1953 707 1986 ce·

156 2022 264 2070 uebatur
286 2021 354 2083 apud
383 2021 508 2070 barbaros.
533 2021 616 2068 Nemo
640 2025 707 2068 certe

158 2102 280 2150 Arminio
305 2102 440 2150 invidebat.
467 2101 531 2161 Quis
556 2106 640 2148 autem
660 2099 707 2147 sub

157 2183 305 2232 Domitiano
322 2184 445 2232 invideret
460 2183 560 2240 virtuti,
576 2195 653 2244 quam
661 2181 706 2228 sci-

156 2269 196 2312 ret
212 2277 265 2312 essa
279 2263 706 2312 letalemlinimicusfortasseunus

156 2346 268 2408 alterque
292 2359 326 2392 ex
351 2345 447 2394 invidia
470 2346 590 2408 gauderet
614 2345 706 2392 virtute

155 2427 267 2485 inimici,
288 2427 377 2484 ceteri,
394 2427 544 2489 quicumque
560 2426 644 2488 paullo
659 2426 705 2472 rni-

155 2521 204 2556 nos
221 2514 304 2556 essent
319 2508 447 2565 laciniosi,
463 2509 641 2556 miserarentur
656 2505 705 2553 ola·

155 2601 215 2636 rum
230 2588 319 2636 virum
338 2587 427 2636 Oleros
444 2595 469 2636 et
482 2601 588 2650 uagum
596 2588 704 2644 vireret,

156 2670 202 2732 qui
222 2669 286 2727 otio,
310 2669 408 2732 quiete,
434 2669 565 2732 obsequio,
582 2668 705 2716 modestia

156 2751 205 2804 hoc
230 2751 332 2812 agebat,
358 2763 390 2798 ne
416 2763 461 2797 sna
484 2750 564 2797 virtm
580 2749 704 2811 conspice-

156 2839 206 2879 tur.
237 2831 294 2893 Ipse
319 2830 441 2892 Agricola
465 2831 536 2878 istius
559 2830 705 2892 prudentiae

157 2911 302 2972 exemplum
325 2911 479 2972 proponitur.
504 2912 600 2974 Magna
614 2911 660 2960 illa
676 2926 704 2958 ac

157 2991 250 3040 nobilis
273 2991 352 3039 virtus
376 2992 403 3039 in
436 3005 467 3040 eo
491 2999 552 3040 erat.
578 2991 618 3039 De
634 2990 705 3040 loeas

157 3081 183 3121 et
208 3072 318 3120 moribus
334 3073 386 3120 visi
402 3087 449 3121 nec
464 3071 557 3121 mortui
573 3072 705 3139 quiequam

158 3152 267 3201 scribere
283 3153 405 3200 sustinuit.
424 3154 525 3202 Tacitus
542 3158 645 3202 excusat
659 3166 705 3200 sue

158 3241 287 3295 tempora,
310 3247 354 3280 cur
378 3233 478 3283 demum
502 3242 558 3297 post
583 3234 704 3283 Domitia-

159 3329 222 3362 nuru
251 3313 343 3362 fecerit.
374 3313 510 3364 Considera
538 3331 611 3378 porro
640 3316 703 3363 ista:

160 3402 227 3444 aetas
251 3402 336 3442 nostra
358 3411 411 3444 non
436 3396 640 3458 omisit·pcsteris
656 3400 703 3442 tra·

160 3479 218 3526 dere
241 3477 372 3536 virtutem,
398 3478 493 3540 quoties
518 3493 548 3524 ea
568 3475 629 3524 vicit
645 3475 704 3523 iuui-

89 3603 92 3610 ,
161 3555 234 3607 dicos.
260 3558 341 3620 Igitur
363 3559 443 3606 virum
463 3558 532 3620 prius
547 3557 648 3606 vincere
664 3557 704 3604 de·

161 3639 233 3688 babet
256 3639 390 3698 invidiam,
414 3653 491 3702 quarn
512 3639 641 3700 scriptores
657 3643 704 3684 tra·

160 3721 253 3768 derant.
281 3719 367 3782 Vulgo
392 3719 488 3767 invidia
512 3733 564 3766 non
580 3718 704 3776 vincitur,

159 3800 208 3848 nisi
233 3806 288 3862 post
311 3807 419 3849 mortem
443 3800 492 3848 viri
508 3813 601 3860 magne
617 3813 645 3847 ae
661 3813 703 3846 no-

159 3881 204 3929 bili
219 3881 310 3928 virtute
325 3881 480 3930 excellentis.
497 3881 523 3928 N
524 3887 594 3928 otum
607 3887 644 3928 est
652 3880 705 3928 Ho-

158 3961 295 4010 ratianum:
318 3959 442 4010 Virtutem
455 3960 704 4021 incolomemodimaa

753 1373 840 1434 uirque
873 1371 1015 1420 ciuitatibus
1045 1389 1172 1422 commane.
1198 1376 1302 1426 Mirum.

755 1452 822 1502 Satis
838 1459 891 1502 arat
907 1452 1002 1501 dixisse
1019 1452 1168 1504 ciuitatibus.
1187 1455 1302 1506 Romana

753 1534 840 1583 civitas
865 1540 918 1582 arat
942 1549 1044 1597 mapsa,
1069 1540 1122 1584 tam
1137 1551 1243 1599 magna,
1259 1545 1301 1596 ut,

754 1614 775 1662 si
791 1628 854 1677 qnae
870 1619 997 1676 praeterea
1005 1621 1144 1676 exstarent,
1154 1631 1301 1668 eauuaom-

754 1709 798 1744 nes
831 1696 1042 1758 complecteretur.
1087 1695 1139 1746 Sed
1176 1713 1301 1762 quaenunt

753 1776 781 1824 in
796 1776 842 1824 illa
856 1789 917 1838 pace
934 1776 1049 1826 Bomma
1065 1779 1214 1828 exstabant?
1232 1780 1301 1844 Ergo

753 1857 912 1914 referendum
925 1871 1026 1920 quoque
1043 1858 1075 1906 ad
1091 1859 1219 1922 antiquas,
1236 1874 1300 1923 quae

753 1944 811 1986 ante
828 1938 982 1996 Romanam,
1000 1945 1025 1987 et
1042 1939 1170 1988 Romanae
1184 1942 1300 2004 aequales

753 2019 829 2067 fuere.
857 2020 924 2068 'lirin
949 2021 1072 2068 sententia
1088 2019 1228 2068 ullomodo
1246 2029 1298 2069 erat

752 2099 943 2157 conformanda,
959 2114 985 2147 v.
1002 2115 1024 2147 c.
1041 2098 1126 2148 viuum
1139 2100 1229 2163 paruis
1246 2099 1299 2164 (vel

751 2180 833 2242 potius
866 2181 961 2244 mapalis
982 2179 1131 2245 parvisque)
1157 2181 1299 2245 mopsisqae

752 2259 894 2309 civitatibus
916 2275 1049 2319 commane,
1075 2277 1118 2308 nec
1142 2270 1242 2310 nostroe
1264 2264 1298 2312 ia·

751 2341 856 2390 solitam.
884 2339 1033 2405 Ipaoronta'a
1057 2342 1120 2390 recti
1144 2357 1220 2406 quam
1237 2345 1297 2392 diffi-

751 2423 805 2470 cilis
830 2423 971 2480 intellectu,
997 2424 1102 2471 ostendi.
1129 2424 1166 2471 Ut
1187 2426 1299 2474 contenti

751 2517 805 2552 esse
829 2509 971 2566 poteramus
995 2504 1049 2551 solo
1073 2505 1150 2552 verbo
1172 2504 1245 2564 vicit,
1262 2505 1297 2554 ita

750 2591 892 2648 poteramus
925 2585 979 2632 solo
1013 2584 1168 2632 substantivo
1194 2585 1297 2634 incidie.

752 2665 870 2728 Suspicor
886 2665 972 2713 omnio
988 2678 1022 2713 ax
1037 2665 1151 2728 margine
1164 2667 1299 2716 intextum

751 2761 804 2796 esse
815 2747 942 2794 translate.
961 2745 1097 2804 Gloseator,
1114 2752 1182 2809 puto,
1200 2748 1298 2797 inmer·

750 2829 809 2891 gine
838 2833 1000 2876 annotaverat
1032 2829 1116 2876 locum
1141 2828 1247 2890 Nepotis
1271 2829 1298 2877 in

752 2909 860 2958 Chabria
878 2914 906 2958 ’3,
926 2906 976 2956 Est
992 2908 1053 2956 enim
1070 2907 1114 2955 ltoc
1130 2923 1249 2956 commane
1264 2909 1298 2958 ui·

752 2991 811 3038 tium
840 2990 866 3038 iu
882 2988 977 3052 mapa-ie
995 2987 1126 3050 liberisque
1144 2989 1297 3049 civitatibus,

750 3079 778 3119 ut
810 3069 906 3118 inuidia
930 3069 1026 3132 pieriae
1051 3083 1128 3116 comes
1153 3069 1195 3117 rit.
1222 3070 1299 3118 Recte

751 3153 843 3214 Nepos.
862 3149 955 3198 Reddit
969 3163 1097 3208 ¹caussam,
1115 3164 1159 3198 cur
1177 3149 1298 3202 Chabrias

750 3247 801 3282 non
823 3233 931 3281 libenter
948 3237 1012 3280 esset
1029 3237 1087 3280 ante
1103 3233 1188 3281 oculos
1205 3234 1299 3286 civium

750 3328 860 3362 suorum.
886 3314 919 3362 In
938 3312 1059 3375 Agricola
1075 3314 1124 3362 ista
1141 3315 1205 3362 nihil
1223 3316 1298 3378 signi·

750 3397 838 3454 licant,
863 3395 913 3443 nisi
935 3400 963 3442 ut
980 3395 1110 3452 doceatur,
1126 3397 1194 3457 qnod
1210 3411 1298 3446 ornnes

750 3483 853 3534 norant,
870 3489 917 3524 nec
932 3476 966 3522 ed
981 3475 1064 3522 locum
1080 3475 1227 3536 pertinebat.
1246 3477 1298 3537 Qui

751 3572 784 3606 ex
807 3556 921 3618 margine
945 3554 1073 3602 transtulit
1098 3555 1232 3617 glossator,
1249 3558 1299 3607 hoc

751 3639 839 3688 saltem
863 3635 1002 3693 intellexit,
1029 3633 1112 3684 liberis
1130 3650 1183 3686 esse
1200 3644 1297 3688 mutan·

750 3722 818 3768 dum.
845 3717 928 3776 Hinc,
950 3717 1037 3776 credo,
1055 3718 1194 3781 accepimus
1207 3721 1298 3782 porois

750 3799 900 3864 stupuitque.

784 3879 895 3930 Pronum
918 3879 1045 3943 caepisque
1069 3877 1095 3926 in
1118 3887 1208 3942 aperto
1233 3889 1296 3930 erat.

753 3964 854 4012 Tacitus
870 3963 897 4010 in
914 3962 962 4009 hoc
977 3960 1062 4008 libello
1079 3973 1152 4021 saepe
1168 3960 1298 4023 coniungit

159 4041 280 4090 niblatam
305 4057 335 4090 ex
360 4043 438 4092 oculis
463 4043 603 4106 praeeram
619 4042 704 4091 invidi.
751 4044 885 4100 adiectiva,
902 4042 969 4092 idem
985 4041 1037 4089 fere
1053 4039 1231 4102 significantia,
1252 4043 1298 4091 sed

159 4124 254 4172 Raram
295 4125 452 4186 exemplum,
490 4123 540 4175 nisi
568 4138 632 4186 quae
664 4124 706 4172 hic
751 4125 778 4173 in
802 4124 892 4188 quibus
915 4123 1002 4172 eedem
1017 4120 1163 4182 metaphora
1178 4123 1297 4184 conspici·

158 4210 302 4262 narrantur,
328 4205 402 4268 idque
427 4206 473 4253 snb
497 4205 619 4268 tyrannis.
655 4203 706 4254 Sed
751 4213 807 4254 tur:
824 4205 885 4252 talia
910 4209 968 4252 sunt
991 4217 1016 4250 v.
1041 4217 1063 4250 c.
1081 4201 1143 4248 bono
1160 4208 1183 4248 et
1200 4201 1298 4266 iatepra

159 4286 196 4334 iac
212 4286 334 4334 invidiam
351 4299 404 4334 esse
421 4287 525 4344 victam,
542 4287 706 4336 viventeviro
751 4293 856 4344 actara,
882 4285 993 4333 incensas
1018 4281 1173 4344 etflaprans
1189 4283 1296 4344 animus,

158 4381 251 4429 magno
267 4366 308 4413 cui
324 4365 462 4426 invidetun
476 4367 705 4430 victoriauonpan-
752 4366 852 4414 sublime
875 4373 899 4412 et
924 4371 1029 4411 erectum
1045 4361 1182 4424 irrepentem,
1199 4363 1298 4413 excelso

158 4448 205 4506 cis,
231 4447 276 4495 sed
300 4447 384 4496 multis
402 4450 474 4498 annis
491 4454 546 4512 post
559 4455 704 4510 remutatus.
753 4455 776 4496 et
808 4461 896 4511 mopnc
928 4443 1022 4510 pieria,
1045 4441 1175 4508 pulchrum
1204 4461 1234 4493 ac
1259 4445 1297 4493 dc·
