3134 5310
229 525 272 587 tss
660 537 813 584 conusrrr
838 535 949 582 rucrrr

230 729 360 774 noscere
394 707 606 796 prouinciam,
643 707 730 770 nosci
753 707 921 785 exercitui,
947 704 1067 772 discere
1090 707 1258 797 aperitis,
1284 718 1380 803 sequi

233 813 383 902 optimos,
420 811 501 877 nihil
530 824 679 900 oppetere
701 812 733 875 in
758 812 979 890 iactationem,
1005 812 1085 878 nihil
1108 811 1149 876 ob
1172 813 1377 885 formidinem

234 1045 302 1095 dinis
315 1046 478 1103 documenta,
488 1044 676 1108 perveniebant.
686 1045 782 1094 Marius
826 1051 965 1094 castrorum
982 1046 1160 1109 experimentis
1176 1061 1203 1096 se
1219 1050 1277 1098 duci
1291 1042 1380 1114 probe

234 1126 302 1190 apud
318 1125 421 1176 Sallust.
438 1127 470 1175 B.
488 1127 544 1189 Ing.
561 1131 602 1176 st.
618 1126 783 1176 vehementer
826 1131 905 1184 verat,
914 1127 976 1175 adeo
983 1132 1020 1185 ut,
1030 1141 1080 1175 non
1091 1130 1309 1181 commendatione
1317 1133 1380 1182 ulio·

233 1207 375 1270 snperbiam
391 1208 529 1266 nobilium,
545 1207 658 1271 plebeios
671 1214 780 1257 contem-
826 1221 896 1266 rum,
923 1208 967 1256 sed
983 1208 1034 1256 suis
1050 1207 1128 1272 ipsius
1143 1211 1276 1260 virtutibus
1290 1220 1379 1262 contn-

229 1288 359 1346 nentium,
385 1287 489 1336 iuvadit.
512 1285 650 1352 disputate,
668 1289 778 1348 dicebat,
825 1289 912 1337 bornio
929 1289 1114 1348 aestimaretur,
1132 1291 1223 1341 deinde
1240 1295 1311 1343 omni
1326 1301 1377 1343 stu·

227 1367 534 1426 manumissurus-imum
543 1368 779 1432 nelinssit,siqnem
824 1370 866 1418 dio
892 1377 917 1418 et
941 1370 1065 1419 industrie
1090 1370 1138 1419 hoc
1164 1373 1227 1435 egit,
1244 1381 1273 1422 ut
1290 1389 1377 1426 nosce·

227 1465 257 1498 eu
272 1449 316 1498 iiio
329 1449 397 1514 qlobo
408 1449 649 1510 nobilitatisadboc‚
659 1449 780 1499 autaliucl
822 1456 861 1498 ret
883 1451 1038 1512 provinciam
1056 1457 1081 1500 et
1098 1453 1250 1513 exercitum,
1269 1457 1378 1507 disceret

226 1531 276 1581 tale
292 1531 410 1596 neqotc'um
426 1530 543 1590 mittatis,
561 1531 674 1580 bominem
690 1530 777 1580 veteris
823 1545 839 1578 a
854 1531 952 1593 peritis,
967 1532 1073 1594 optimos
1082 1541 1238 1596 sequeretur,
1249 1549 1297 1586 nec
1305 1539 1376 1600 quid-

224 1613 361 1677 prosupioe
386 1628 416 1660 uc
439 1611 567 1662 multarum
590 1612 730 1677 imaqr'nurn,
754 1621 777 1662 et
821 1623 898 1674 quum
923 1612 1048 1662 omitteret
1072 1619 1100 1662 ut
1125 1629 1193 1677 spem
1217 1618 1248 1666 de
1273 1630 1301 1667 se
1318 1631 1376 1667 con.

226 1692 316 1742 nullius
332 1691 460 1757 stipendii:
478 1693 571 1743 scilicet
588 1703 615 1745 ut
630 1694 776 1754 intentare,
822 1697 920 1754 ceptam
945 1694 1070 1756 impleret.
1090 1693 1212 1758 Agricola
1228 1697 1306 1760 igitur
1322 1705 1376 1748 tarn

228 1775 329 1840 iqnurus
346 1774 463 1835 munium,
482 1774 599 1839 trepidet,
611 1776 777 1842 festinet,su·
823 1773 962 1822 tondendus
987 1781 1025 1822 est
1050 1776 1162 1836 iuvenis,
1185 1793 1265 1841 qnam
1287 1779 1377 1830 Cicero

228 1865 278 1906 mat
300 1855 404 1920 aliquem
420 1873 449 1906 cc
462 1856 556 1921 populo
573 1856 709 1906 monitorem
726 1860 777 1920 offi·
822 1854 934 1904 laudavit
963 1855 1098 1906 Lucullum
1127 1859 1210 1908 virum
1236 1861 1264 1909 in
1291 1862 1374 1912 Acad.

228 1937 269 1989 cii.
288 1936 332 1988 Ita
345 1936 487 2003 plerumque
503 1938 590 1998 euenit,
608 1946 647 1998 ut,
661 1953 778 2001 quernoos
824 1933 927 1994 Quaen.
954 1937 1004 1986 IV.
1028 1939 1051 1986 I.
1081 1937 1160 1994 Quum
1186 1947 1260 1990 totum
1285 1943 1335 1992 iter
1352 1955 1376 1994 ct

226 2021 347 2086 imperare
364 2019 483 2078 insuetis,
497 2019 778 2085 isimparatoremalc'um
822 2016 998 2080 naoiqattonem
1029 2019 1194 2068 consumsisset
1220 2023 1317 2086 partim
1350 2025 1376 2074 s'n

228 2110 339 2166 quaerat.
372 2102 475 2152 Tacitus
505 2115 602 2150 morem
631 2115 777 2164 perversum
819 2096 1001 2161 percunctando
1028 2115 1045 2147 u
1067 2100 1172 2164 peritis,
1188 2103 1283 2166 partim
1299 2104 1325 2154 s‘n
1338 2123 1375 2156 rc-

227 2184 333 2245 probare
349 2196 400 2229 non
417 2182 505 2244 potuit.
526 2181 603 2242 Quod
618 2196 692 2244 saepe
706 2182 777 2240 facit,
823 2179 866 2226 bus
891 2178 967 2242 quatis
992 2178 1109 2245 leqendr's,
1135 2181 1161 2231 in
1183 2181 1271 2232 Asiam
1280 2187 1376 2250 sactus

228 2263 296 2312 idern
320 2262 363 2310 hic
388 2262 459 2320 resin
482 2263 657 2326 reprehendit,
674 2277 726 2311 uon
741 2263 777 2311 di·
823 2257 957 2322 imperatur
986 2259 1063 2320 venit,
1099 2277 1170 2324 quum
1201 2274 1263 2314 esset
1292 2264 1375 2317 Rama

229 2349 294 2392 serte
311 2343 428 2405 quidem,
452 2343 606 2405 intelligenti
622 2351 707 2392 tamen
725 2359 777 2393 nou
820 2341 951 2403 profectus
968 2341 1005 2389 rei
1020 2341 1136 2392 militaris
1151 2344 1230 2394 rudis.

228 2427 374 2484 obscurum,
392 2426 453 2488 quid
470 2425 623 2488 cogitaverit.
643 2425 672 2474 Si
688 2439 776 2488 genus,
856 2419 966 2470 Noscere
980 2423 1146 2486 prouinciam,
1164 2427 1232 2476 nosci
1248 2429 1374 2480 ecndtui.

227 2507 353 2570 potentia,
371 2521 447 2569 opes,
463 2507 647 2556 commendatio
665 2507 776 2556 affinium
824 2501 905 2565 Saepe
930 2505 1017 2554 cadem
1042 2509 1132 2568 verbe',
1151 2509 1258 2560 alterurn
1275 2513 1374 2571 activa,

227 2594 253 2636 et
277 2588 415 2635 amicorum
448 2588 557 2637 honoros
583 2590 672 2638 darent
698 2589 775 2648 viris,
822 2585 929 2633 alterum
945 2587 1042 2646 passive
1060 2589 1095 2638 sic
1112 2589 1263 2653 iunguntur,
1282 2595 1327 2643 sed
1340 2595 1374 2658 nd

227 2674 322 2732 quanto
346 2669 490 2730 indignius,
513 2669 536 2718 si
553 2670 670 2727 iuvenes,
689 2669 725 2719 sic
741 2675 777 2717 te·
821 2665 937 2716 homines
955 2673 980 2716 et
996 2681 1036 2716 res
1053 2669 1375 2724 easdemreferuntnr.Sal-

228 2763 298 2799 merc
323 2763 357 2799 ex
382 2751 458 2798 domo
476 2755 581 2812 puterna
597 2751 624 2798 in
639 2757 719 2799 costra
735 2763 776 2798 re·
822 2745 880 2795 lust.
889 2748 920 2796 B.
930 2749 986 2811 Ing.
999 2753 1020 2797 l.
1037 2749 1123 2814 Neque
1140 2762 1280 2817 reperentur
1296 2752 1375 2819 araqt's

226 2832 778 2890 nieutes,tumenstotimtribunatnornureu-
823 2843 895 2889 quom
918 2838 1028 2893 reperent
1050 2845 1130 2880 casus.
1155 2835 1244 2883 Livius
1260 2834 1311 2884 IV.
1331 2840 1372 2884 35.

227 2921 275 2963 tur.
301 2913 419 2962 Fortasse
445 2913 540 2975 aliquid
565 2927 581 2960 a
606 2911 732 2975 magistris
750 2918 775 2960 et
821 2906 946 2958 Neminem
976 2926 1002 2959 sc
1024 2911 1144 2976 plebeium
1167 2923 1373 2979 cmtenpmrum,

228 3010 262 3045 ex
284 2996 355 3045 libris
371 2996 525 3053 didicerant,
543 2995 629 3044 tubam
648 3007 777 3056 nunquam
821 2990 863 3038 ulu'
880 2992 996 3040 contemni
1012 2991 1136 3044 desistent.
1149 2997 1232 3046 Tacit.
1241 2997 1310 3046 Hist.
1320 2997 1372 3046 111.

227 3079 385 3127 audiverunt.
427 3075 630 3126 Nominabantur
662 3075 774 3133 tribuni,
822 3075 862 3120 st.
880 3069 1002 3121 Antonius
1019 3075 1060 3124 ubi
1076 3091 1173 3126 noscere
1190 3093 1246 3126 snos
1259 3078 1374 3141 ausuque

227 3173 317 3208 revera
341 3173 393 3206 non
412 3165 497 3216 crant,
515 3158 559 3207 sed
576 3163 673 3205 tantum
691 3155 775 3214 titulo,
817 3161 928 3216 poterut.
948 3159 988 3205 25.
999 3154 1107 3220 Aqnitus
1124 3174 1309 3222 agnoscensque.
1320 3159 1373 3208 Pli-

229 3238 300 3288 tituio
331 3246 412 3297 tanus,
439 3245 550 3287 ceterum
581 3245 606 3287 et
631 3237 668 3285 rei
684 3237 776 3286 milita·
821 3235 877 3283 nius
904 3237 999 3301 Peneg.
1022 3244 1064 3288 21.
1089 3237 1125 3289 Ut
1141 3256 1253 3289 reversus
1269 3241 1374 3305 impera·

228 3321 276 3379 ris,
293 3321 439 3383 praesertim
450 3319 591 3367 tribunatus
601 3321 663 3368 benc
672 3318 776 3380 gerendi
822 3324 874 3376 tor,
896 3317 939 3380 qui
952 3318 1069 3382 priuatus
1086 3321 1196 3381 exieras,
1215 3321 1326 3386 aqnoscis
1346 3341 1373 3372 a·

227 3415 329 3466 prorsus
353 3401 433 3452 inscii.
459 3401 529 3450 Hinc
545 3400 585 3458 fit,
603 3406 630 3448 nt
648 3413 691 3448 eos
706 3401 776 3448 brevi
820 3397 1000 3458 provectricem
1023 3397 1193 3466 Pinnamque,
1211 3412 1326 3467 quantum
1344 3404 1372 3453 ti-

227 3483 322 3534 luboris
347 3491 372 3534 et
396 3484 501 3533 militiae
517 3476 628 3540 taedeat,
649 3481 775 3543 vitamque
820 3478 963 3529 mabuntur..
982 3482 1126 3534 Secundum
1151 3487 1225 3535 istem
1241 3493 1373 3536 consuetu·

228 3572 254 3615 et
269 3565 410 3626 voluptates
426 3567 534 3612 urbanas
548 3561 697 3612 desiderent.
708 3563 775 3626 Ergo
820 3561 905 3610 dinem
930 3563 971 3611 hic
996 3565 1155 3616 scribendum
1182 3575 1246 3616 erat:
1273 3583 1373 3618 noscere

227 3647 329 3695 veniam
354 3647 386 3692 nb
411 3645 489 3706 signis
511 3645 654 3693 discedendi
673 3645 706 3692 ad
722 3658 773 3694 cer·
816 3643 968 3710 prouinciam
992 3654 1015 3694 et
1040 3647 1118 3708 nosci,
1143 3650 1184 3698 vel
1201 3665 1297 3698 noscere
1310 3669 1371 3715 pro·

228 3735 283 3775 tum
305 3732 403 3788 tempus
425 3731 523 3788 petunt,
550 3725 659 3787 novique
680 3727 774 3774 tribuni
819 3724 921 3773 vinciam
942 3735 966 3774 ct
983 3727 1112 3777 exercitum
1130 3739 1153 3778 et
1171 3731 1244 3780 nosci
1263 3731 1316 3782 Sed
1325 3751 1371 3786 our

229 3808 339 3872 segniter
356 3814 380 3854 et
397 3807 490 3854 lascive
507 3805 602 3852 Romae
618 3805 715 3853 vivunt.
734 3809 775 3855 lta
821 3807 952 3869 Agricola,
980 3809 1023 3871 qui
1046 3809 1073 3858 in
1090 3813 1205 3862 omnibus
1222 3814 1277 3862 aliis
1294 3817 1370 3867 rebus

227 3888 324 3940 titubrm
345 3897 369 3936 et
394 3885 514 3936 inscitiam
534 3886 669 3935 tribunatus
686 3885 721 3934 ud
735 3904 773 3935 oo·
819 3889 932 3937 studebat
957 3905 1070 3950 noscere,
1097 3890 1205 3952 discere,
1223 3895 1304 3958 sequi,
1323 3913 1369 3961 np-

226 3972 333 4037 luptutas
346 3978 370 4018 et
385 3976 527 4017 commeatus
546 3969 666 4018 referunt.
686 3970 774 4032 Longe
816 3978 915 4033 petere,
930 3985 1056 4031 recusare,
1074 3988 1160 4037 oqere,
1179 3977 1298 4026 exercitui
1313 3986 1368 4028 tau-

225 4055 277 4104 uliu
293 4067 378 4110 mens,
396 4052 447 4100 ulia
462 4051 542 4099 virtus
558 4057 610 4100 erut
628 4050 772 4114 Agricolae.
818 4058 872 4099 turn
898 4051 964 4099 nosci
982 4055 1134 4104 studuisset?
1158 4058 1191 4105 Et
1208 4059 1273 4120 ipse,
1292 4063 1369 4110 medo

226 4139 286 4186 Non
303 4140 435 4185 contentus
451 4133 538 4191 titulo,
556 4132 669 4181 tribunus
678 4145 705 4180 re
713 4147 772 4195 quo·
817 4134 886 4195 prius
903 4149 1000 4182 noscere
1016 4137 1368 4204 debebatexcrcitnm,qnam

227 4233 276 4284 qne
298 4230 350 4266 esse
368 4215 489 4265 studebat.
517 4210 621 4263 Inscitiu
638 4212 773 4263 tribunatus
818 4215 850 4262 ab
875 4228 905 4262 eo
923 4215 1002 4274 trasei,
1020 4223 1045 4265 ct
1062 4219 1168 4279 ortibus,
1183 4236 1244 4284 quas
1263 4221 1368 4273 Tacitus

225 4298 326 4363 propria
342 4305 379 4346 est
395 4295 511 4345 omnibus
530 4296 773 4359 inventorumque
817 4296 915 4353 lurrdut,
934 4298 1045 4356 efficere,
1063 4306 1091 4348 ut
1108 4310 1257 4353 nosceretur.
1286 4303 1369 4353 Nasci

225 4381 257 4430 iis
283 4378 345 4426 vitio
367 4379 431 4427 verti
446 4383 539 4440 potest,
556 4377 631 4425 modo
648 4375 771 4436 iacerent,
818 4383 907 4425 nutura
932 4381 1067 4441 posterius,
1094 4389 1130 4432 est
1155 4383 1248 4436 finctus
1266 4388 1367 4437 artium.

227 4461 293 4523 quod
320 4459 440 4522 Agricola
465 4458 531 4507 iecit.
550 4458 600 4506 llic
618 4458 669 4506 ism
685 4459 772 4520 primis
820 4458 936 4508 Studium
965 4463 1083 4514 noscendi
1109 4465 1192 4515 stetim
1216 4469 1241 4516 in
1270 4483 1299 4517 co
1315 4486 1368 4520 ccr-
