3074 5310
658 533 824 582 spernor.
1255 517 1320 582 203

183 710 272 762 detur=
292 710 328 758 re
351 717 439 771 propos
456 705 490 754 du
505 703 591 767 risege
606 703 766 767 bourgeonnt
782 704 817 752 du
833 705 881 754 duo
897 701 1043 765 d'Orleens,
1061 703 1079 752 il
1095 704 1254 767 remerquait,
1271 693 1319 769 que

183 799 210 847 la
225 796 352 848 debenohe
368 793 454 842 l'avait
470 789 584 853 (impense
600 790 631 839 de
647 791 741 852 rougir.

219 991 250 1040 P.
270 993 324 1040 179.
360 983 440 1036 Nobis
465 995 513 1035 tum
538 982 622 1049 touque
647 977 924 1036 adsentiae'conditioue
942 994 999 1034 unte
1018 983 1203 1049 quadriennium
1219 981 1322 1032 amiatae

185 1083 231 1126 est.
267 1076 340 1124 Adde
367 1073 485 1123 Ambros.
512 1069 592 1120 Serm.
616 1071 637 1119 1.
654 1070 681 1118 in
699 1071 786 1120 Psalm
805 1074 859 1120 118.
877 1068 918 1120 Aa
934 1079 1009 1136 patus
1026 1080 1050 1120 te
1063 1071 1169 1136 primum
1186 1070 1280 1119 intrare
1297 1069 1323 1118 ia

184 1158 348 1218 memoriam,
374 1173 427 1207 oum
445 1157 569 1223 fornicem
592 1153 727 1204 muetricis
753 1154 909 1220 ingrederis?
937 1153 1046 1205 [onusti
1059 1154 1125 1216 iam,
1144 1154 1241 1220 quando
1259 1155 1321 1220 eopi-

186 1247 292 1296 tationee
309 1253 365 1295 tuae
381 1243 498 1292 meretrix
511 1241 619 1292 intrauit.

221 1461 251 1510 P.
272 1464 326 1510 181.
367 1457 491 1508 Virtutum
507 1485 540 1494 -
557 1472 619 1521 ροισι
644 1471 720 1520 neque
743 1455 823 1522 iugeri
838 1473 912 1521 nepae
926 1457 1015 1524 pleapi
1025 1460 1076 1524 sea
1092 1465 1137 1508 eet.
1154 1456 1323 1520 Lugemuaet

184 1546 326 1610 plangimus
350 1551 484 1594 mortuum.
520 1544 634 1593 Virtutes
658 1550 731 1602 tuee,
756 1550 783 1592 tn
809 1543 882 1593 nobis
906 1557 958 1593 non
982 1550 1079 1608 ereptus
1096 1557 1130 1594 es.
1165 1544 1232 1594 Nem
1248 1542 1322 1592 vivia

187 1632 226 1682 Te
250 1632 460 1694 contemplemur,
485 1636 511 1679 te
535 1636 656 1679 tenemus.
690 1626 788 1694 Lstpere
813 1637 837 1680 et
858 1629 992 1694 plangere,
1009 1628 1075 1679 lactu
1089 1629 1221 1697 plangere,
1235 1627 1324 1694 plangi

184 1718 241 1766 sim.
267 1723 327 1766 note
351 1722 422 1774 sunt,
447 1723 475 1765 ut
500 1715 596 1766 Greeoe
614 1715 771 1765 κόπτεσθαι
787 1713 836 1764 καὶ
853 1717 984 1784 θρηνεῖν,
1001 1717 1068 1781 quod
1084 1717 1230 1780 interpretes
1246 1716 1324 1780 expli·

185 1810 306 1854 caverunt
322 1805 354 1853 ed
370 1803 468 1868 Euung.
488 1802 572 1852 Lucae
581 1800 686 1852 XXIII.
697 1805 728 1853 27
738 1817 775 1867 eq.
793 1799 968 1852 Ἠκολούθει
986 1798 1019 1850 δέ
1034 1799 1110 1866 αὐτῷ
1127 1799 1198 1850 πολὺ
1216 1798 1327 1865 πλῆθος

186 1891 237 1938 τοῦ
263 1888 330 1938 λαοῦ
351 1886 398 1938 καὶ
417 1886 566 1952 γυναικῶν,
581 1885 612 1934 οἱ
629 1885 778 1937 ἐκόπτοντο
797 1887 845 1937 καὶ
865 1889 1002 1958 ἐθρήνουν
1021 1886 1272 1956 αὐτόκ.’στραοεές
1291 1883 1323 1936 δέ

185 1977 252 2044 πρὸς
278 1974 364 2033 αὐτὰς
387 1975 496 2040 Ἰησοῦς
521 1965 592 2024 εἷπε·
627 1972 785 2041 θυγατέρες
800 1974 1000 2043 Ἰερουσαλὴμ,
1018 1977 1056 2040 μὴ
1073 1973 1185 2024 κλαίετε
1205 1975 1246 2025 ἐπ’
1268 1973 1323 2036 ἐμὲ,

185 2062 258 2127 πλὴν
274 2063 314 2122 ἐφ’
335 2061 434 2118 ἑαυτὰς
451 2061 564 2112 κλαίετε
582 2061 630 2111 καὶ
645 2063 692 2112 ἐπὶ
709 2065 744 2111 τὰ
761 2060 846 2111 τέκιο
865 2059 948 2123 ὑμῶν·
966 2059 1010 2110 ὅτι
1029 2059 1104 2124 ἰδοὺ,
1116 2059 1246 2129 ἔρχονται
1254 2060 1325 2126 ripi-

188 2168 235 2220 ραι
260 2151 287 2200 ἐν
306 2143 351 2207 οἷς
365 2150 466 2219 ἐροῦσι·
492 2150 625 2218 μακάριοι
642 2148 672 2197 αἱ
688 2157 804 2220 στεῖραι,
824 2151 871 2200 καὶ
889 2149 919 2198 οἱ
938 2147 1086 2199 rutilaret*
1103 2146 1152 2196 οὐκ
1170 2147 1324 2214 ἐγέννησσν,

188 2238 237 2288 καὶ
253 2237 355 2298 μαστοὶ
373 2237 399 2286 οἳ
416 2237 466 2286 οὐκ
485 2235 619 2305 ἔθρεψαν.
640 2236 703 2288 τότε
721 2237 851 2306 ἄρξονται
869 2234 960 2302 Hyrie
979 2242 1037 2294 τοῖς
1055 2234 1137 2305 ὄρεσι·
1160 2235 1261 2286 esium
1280 2235 1321 2294 ἐφ’

187 2326 271 2392 ἡμᾶς,
290 2324 338 2374 καὶ
356 2331 415 2382 τοῖς
431 2327 550 2386 βουνοῖς·
570 2322 714 2384 reddunto
732 2326 810 2391 ἡμᾶς.
818 2324 863 2374 ὅτι
873 2325 899 2374 εἰ
908 2325 937 2374 ἐν
945 2323 983 2391 τῷ
995 2321 1068 2392 ὑγρῷ
1079 2321 1148 2389 ξυλῷ
1158 2325 1250 2372 τοῦτο
1258 2339 1323 2374 σοι.

189 2415 282 2480 οῦσιι,
308 2413 336 2462 ἐν
363 2411 400 2478 τῷ
426 2411 495 2480 ξηρῷ
521 2411 550 2458 rt
578 2410 711 2477 νένητοις
736 2415 868 2463 Postrema
892 2413 937 2462 ille
952 2411 1013 2476 quid
1028 2410 1076 2460 hoo
1092 2411 1147 2460 loeo
1164 2411 1320 2474 significent,

187 2502 255 2551 dictu
280 2514 340 2550 sane
358 2507 394 2550 est
411 2499 592 2550 difficillimum.
627 2499 697 2549 Hino
712 2497 806 2548 multae
822 2497 1045 2562 interpretationes.
1078 2497 1134 2547 Noe
1149 2497 1264 2558 defuere,
1280 2498 1324 2562 qui

186 2594 314 2656 putarent,
331 2573 371 2635 his
386 2586 469 2635 verbis
485 2586 565 2648 magis
581 2585 662 2634 inesse
677 2585 766 2634 duram
783 2591 807 2634 et
823 2598 935 2633 emerem
951 2583 1084 2632 mulierum
1091 2583 1323 2646 reprehensionem,

186 2691 263 2742 quam
287 2674 393 2723 amioum
417 2671 627 2730 admonitionem,
652 2685 716 2735 quae
737 2677 867 2720 mansueto
884 2676 909 2720 et
926 2669 1079 2720 misericordi
1095 2670 1180 2720 animo
1198 2672 1255 2722 lesu
1272 2680 1325 2723 erat

187 2762 295 2828 proprie.
331 2759 476 2822 'llenspone
500 2760 576 2807 verba
592 2759 653 2820 iste,
670 2765 695 2808 et
710 2760 767 2822 lege
782 2759 867 2808 statim
882 2762 938 2822 poet
953 2771 991 2806 us.
1009 2759 1050 2816 27,
1067 2761 1092 2806 et
1107 2757 1210 2807 fortasse
1225 2773 1328 2810 meeum

186 2847 313 2913 egregiam
333 2843 410 2894 totius
425 2843 475 2892 loei
492 2844 641 2894 sententiam
664 2845 773 2895 videbis:
789 2841 967 2892 Ἠκολούθει
983 2839 1016 2892 δέ
1034 2841 1109 2908 αὐτῷ
1126 2840 1197 2892 πολὺ
1215 2841 1326 2908 πλῆθος

189 2933 239 2982 τοῦ
266 2931 334 2980 λαοῦ
365 2927 413 2978 καὶ
439 2927 589 2996 γυναικῶν,
616 2928 646 2977 αἱ
665 2931 814 2980 ἐκόπτοντο
837 2929 886 2979 nul
910 2929 1048 2996 ἐθρήνουν
1076 2929 1171 2980 αὐτόν·
1190 2929 1280 2992 ὅτι,εέ
1297 2929 1326 2979 ἐκ

191 3019 264 3088 ὑγρῷ
287 3017 357 3084 tellit
383 3014 476 3065 ταῦτα
499 3015 640 3075 ποιοῦσιν,
664 3017 692 3066 ἐν
718 3017 756 3084 τῷ
783 3015 853 3085 ξηρῷ
870 3015 899 3064 τέ
915 3015 1038 3082 γένηται.
1059 3017 1191 3086 στραφεὶς
1205 3016 1239 3066 δέ
1258 3016 1326 3085 πρὸς

192 3105 276 3164 αὐτὸς
298 3105 407 3170 Ἰησοῦς
430 3121 452 3151 ιι.
469 3119 495 3154 τ.
512 3102 536 3154 λ.
571 3101 724 3168 Sequebatur
740 3112 819 3153 autem
834 3102 903 3154 illum
918 3103 996 3154 multe
1014 3107 1086 3156 turbu
1099 3103 1190 3172 populi
1204 3113 1228 3154 et
1243 3103 1325 3154 malie·

192 3210 257 3254 rum,
283 3209 345 3258 paee
360 3189 507 3258 plangebant
522 3198 546 3239 et
563 3189 755 3240 lamentabantur
772 3205 841 3239 eum:
859 3189 990 3258 (dieentes)
1007 3190 1030 3240 si
1046 3191 1071 3242 t‘n
1087 3190 1165 3242 uiridi
1180 3190 1245 3256 ligno
1262 3189 1325 3239 leaeo

185 3281 299 3348 sariunt,
315 3280 340 3329 in
356 3275 428 3327 arido
445 3274 506 3339 quid
514 3277 584 3338 fiet?
619 3276 685 3327 Sunt
700 3276 777 3326 uerba
784 3276 933 3338 mulierum,
950 3277 1325 3340 temintelleotufaoilia,quem

190 3367 308 3424 difficilia,
324 3366 345 3414 si
359 3365 430 3414 Iesus
446 3363 542 3412 locutus
559 3369 630 3414 esset.
663 3365 757 3428 Ingens
772 3363 904 3412 hominum
920 3365 1053 3414 multitudo
1069 3364 1216 3428 sequebatur
1231 3362 1324 3411 Iesum.

190 3453 250 3503 Hoe
267 3465 362 3515 semper
377 3451 464 3509 fiebat,
482 3455 506 3499 et
522 3451 558 3510 fit,
575 3450 668 3514 siquis
685 3449 717 3497 ad
732 3453 839 3497 mortem
854 3447 959 3501 ducitur.
993 3451 1070 3502 Multi
1086 3449 1141 3500 sine
1156 3445 1326 3506 dubiofuere,

190 3539 234 3604 qui
258 3539 344 3588 Iesnm
368 3537 422 3586 inre
437 3537 630 3586 condemnatum
645 3540 775 3599 putarent,
790 3533 864 3583 multi
879 3549 991 3601 qnoque,
1008 3537 1051 3603 qui
1068 3536 1235 3586 innocentem.
1272 3533 1325 3583 ulit

189 3625 301 3691 plerique
324 3623 454 3682 mortales,
468 3628 497 3671 nt
512 3623 547 3672 eit
565 3621 656 3672 Ceeser
672 3622 738 3686 epud
755 3621 857 3672 Sallust.
875 3621 907 3671 B.
925 3621 954 3673 C.
972 3627 1013 3684 51,
1029 3630 1153 3688 postrema
1169 3621 1324 3681 meminere,

190 3717 215 3761 et
231 3711 258 3759 in
275 3708 416 3760 hominibus
432 3709 515 3773 impiis
531 3708 630 3759 sceleris
646 3708 717 3757 obliti
733 3709 764 3758 de
780 3723 860 3772 poene
876 3709 1014 3770 disserunt,
1032 3711 1053 3759 si
1069 3724 1100 3760 ea
1115 3711 1199 3774 paullo
1216 3711 1324 3761 severior

190 3793 264 3846 fuit?
282 3795 410 3856 Quantam
433 3809 494 3846 vero
518 3800 615 3859 oportet
630 3793 705 3844 fuisse
721 3794 906 3844 miserationem
922 3795 1068 3856 mulierum,
1086 3811 1220 3861 earumque
1237 3797 1325 3847 Orien·

190 3880 279 3930 tellum
303 3886 328 3930 et
352 3879 515 3930 Iudeeeruml
540 3883 611 3931 Iesus
636 3887 688 3930 erat
704 3881 816 3939 luvenis,
833 3879 913 3930 forma
929 3881 1030 3942 deeora,
1047 3883 1179 3933 inusitatae
1196 3881 1325 3931 cuiusdam

192 3966 327 4017 maiestatis
348 3966 435 4029 plene.
452 3967 570 4031 magister
586 3967 721 4030 praeceptis
737 3973 762 4016 et
778 3968 906 4030 exemplo,
924 3968 1024 4030 qualem
1040 3981 1114 4016 nemo
1130 3981 1241 4032 unquam
1257 3966 1326 4016 vide-

191 4057 238 4102 rat.
272 4051 364 4111 Nulla,
388 4058 462 4115 puto,
487 4052 577 4101 mulier
602 4053 649 4102 sibi
671 4066 722 4100 non
739 4059 904 4116 persuaserat,
921 4053 987 4102 huno
1003 4055 1121 4104 iuvenem
1137 4067 1190 4104 esse
1206 4055 1324 4104 innoeen-

190 4146 250 4190 tem.
284 4138 350 4188 Eum
375 4137 451 4201 igitur
474 4138 634 4190 vehementer
658 4138 802 4202 deplorent,
828 4144 853 4188 et
877 4137 1005 4188 saevitiam
1026 4140 1138 4189 indicum
1153 4127 1327 4198 detestantur,

190 4226 234 4290 qui
250 4231 275 4274 et
291 4223 439 4288 supplicium
455 4230 480 4273 et
496 4225 558 4276 adeo
574 4225 672 4277 crudele
689 4237 786 4276 sumere
801 4224 946 4288 potuissent.
980 4224 1042 4274 Erat
1058 4223 1129 4289 quasi
1144 4239 1196 4273 una
1211 4223 1324 4275 omnium

191 4325 254 4359 vox:
280 4310 336 4360 Hoc
361 4311 382 4360 si
406 4309 499 4360 faciunt
524 4313 550 4360 in
576 4312 693 4371 innoxio,
714 4309 775 4375 quid
791 4309 833 4360 fiet
847 4311 874 4360 in
891 4310 984 4360 noxiol
1003 4311 1078 4361 Telos
1095 4311 1231 4361 sententiae
1249 4316 1323 4360 sunt:

193 4399 295 4446 Terent.
321 4397 402 4447 Andr.
429 4399 450 4446 1.
477 4412 495 4446 1.
525 4400 579 4446 116.
605 4395 686 4457 Νασι,
709 4395 732 4444 ei
746 4394 814 4445 illum
830 4395 955 4460 obiurges,
971 4397 1037 4448 uitet
1053 4399 1096 4462 qui
1112 4395 1231 4448 auxilium
1247 4397 1324 4454 satir,-

194 4481 262 4538 Qur'd
279 4482 370 4548 sacius
394 4481 445 4546 itti,
472 4485 514 4549 qai
539 4482 635 4535 dederit
660 4482 769 4536 damnum
795 4493 838 4536 aut
855 4485 950 4536 malum.
985 4483 1071 4537 Cicero
1088 4501 1132 4551 pro
1151 4487 1266 4541 Cluentio
1283 4491 1323 4536 41.
