3134 5310
635 545 810 592 rsrucour.
1268 535 1308 595 st

158 723 292 797 pronus·
316 703 514 792 quantalibet
548 701 699 770 facilitate
731 704 951 794 redempturus
975 717 1054 772 esset
1076 721 1222 774 mutuam
1247 710 1309 776 dis·

160 812 398 880 simulationem
421 809 506 874 mali.
534 807 658 873 Auctus
677 821 723 874 est
753 810 799 876 ibi
829 811 913 890 filia,
946 812 978 876 in
1010 810 1184 880 subsidium
1215 815 1308 880 simul

160 931 194 985 et
230 917 398 993 solatium;
433 937 507 980 nam
536 913 638 978 lilium
670 926 743 982 ante
774 916 934 982 sublatum
963 916 1050 983 brari
1074 918 1189 984 amisit.
1238 919 1310 984 Mor

161 1027 247 1088 inter
281 1031 483 1109 quaesturam
519 1041 555 1084 ac
590 1018 787 1086 tribunatum
822 1021 923 1110 plebis
959 1033 1054 1110 etque
1085 1023 1188 1111 ipsum
1213 1025 1307 1090 etiam

164 1223 213 1272 cris
231 1221 264 1270 V.
282 1227 307 1270 et
324 1221 359 1268 N.
379 1220 410 1268 T.
426 1218 714 1282 Aliiparatumpeccon·
761 1220 819 1268 dem
842 1220 990 1282 interpreter
1013 1220 1045 1268 de
1070 1220 1177 1270 subsidio
1196 1222 1310 1272 bonorum

163 1302 229 1352 tibus
246 1300 401 1365 prouinciam
418 1300 611 1362 interpretantur
630 1313 714 1356 neam,
760 1297 987 1362 adipiscendorum,
1015 1299 1091 1348 totius
1112 1301 1162 1349 loci
1187 1305 1311 1352 sententia

163 1383 192 1431 iu
214 1395 265 1445 qua
278 1380 443 1444 provinciales
459 1381 571 1444 plerique
588 1385 714 1443 promptos
759 1387 835 1429 vetet.
869 1378 1009 1429 Subsidium
1033 1387 1057 1428 et
1072 1379 1186 1429 solatium
1202 1383 1238 1431 ita
1253 1395 1311 1431 con·

164 1477 194 1512 se
211 1463 367 1511 administros
391 1463 513 1511 scelerum
529 1461 714 1524 magistratibus
759 1462 912 1524 iunguntur,
938 1469 967 1510 ut
990 1475 1068 1511 unam
1086 1463 1240 1528 mutemque
1255 1476 1310 1513 rem

162 1542 311 1608 praebent.”
344 1542 397 1592 Sed
418 1542 479 1602 boc,
497 1548 570 1604 puto,
590 1542 655 1591 Asia
670 1542 712 1592 ba·
758 1556 822 1606 quae
844 1544 877 1592 ad
893 1543 994 1592 domum
1012 1549 1085 1606 etque
1101 1545 1310 1594 amaritudinem

163 1626 239 1675 behet
259 1638 391 1673 commune
408 1637 465 1671 cum
482 1624 597 1672 omnibns
613 1623 712 1686 provin·
758 1622 881 1686 privatam
896 1623 1016 1686 pertinet,
1033 1623 1168 1687 significari
1185 1633 1308 1688 appareat.

162 1706 217 1755 ciis.
244 1705 308 1754 Mali
332 1705 491 1766 magistratus
515 1703 607 1766 ubique
632 1703 712 1752 melos
759 1703 797 1750 lio
814 1703 909 1766 magis,
927 1704 949 1752 si
966 1703 997 1751 ad
1013 1703 1121 1754 honores
1138 1705 1310 1770 adipiscendos

161 1787 328 1851 provinciales
344 1785 477 1834 inveniunt
491 1785 533 1834 vel
550 1784 652 1834 iaciunt.
664 1785 711 1833 Ta·
757 1789 903 1851 pertineret,
927 1787 1036 1837 subsidio
1053 1785 1148 1850 aliquid
1164 1787 1222 1836 aeui
1239 1799 1309 1850 opor·

161 1869 226 1917 citus
246 1874 346 1918 tantum
362 1873 518 1929 quaestorem
535 1870 561 1914 et
579 1879 712 1927 proconsu-
757 1873 834 1926 teret,
851 1869 925 1932 quale
941 1883 966 1917 v.
983 1885 1005 1918 c.
1023 1865 1156 1917 subsidium
1172 1867 1310 1916 adnatare

161 1950 213 2000 lem
236 1948 345 2012 respicit
371 1947 409 1996 Hi
430 1947 529 2006 iubent,
546 1947 711 2008 provinciales
758 1947 844 1996 nitenti
868 1948 981 1998 simulet
1002 1947 1119 1997 talutium
1134 1945 1225 1996 mmai.
1262 1949 1309 1996 Pa·

161 2035 266 2094 pment,
282 2030 397 2078 volentes
421 2042 453 2076 an
471 2027 543 2075 inriti
560 2041 611 2076 uon
628 2026 711 2077 refert
757 2043 814 2077 rum
838 2031 920 2087 abest,
945 2030 1006 2093 quin
1024 2025 1171 2087 subsidium,
1188 2029 1224 2078 sic
1240 2029 1308 2078 uude

164 2111 243 2172 Queri
259 2125 310 2159 non
327 2111 428 2158 audent.
757 2111 880 2172 positum,
903 2107 971 2159 haud
997 2109 1089 2159 Latine
1104 2110 1198 2158 dictum
1214 2116 1307 2173 putem.

195 2189 312 2239 Mutuum
328 2187 545 2238 dieumubtticnem
561 2187 629 2237 muli.
652 2187 711 2237 Non
758 2189 847 2254 Neque
871 2203 932 2240 raro
956 2189 1090 2239 subsidium
1114 2191 1141 2239 lu
1161 2205 1213 2240 una
1228 2191 1308 2241 filiola

161 2279 223 2336 puto
237 2271 298 2320 moli
315 2285 331 2319 a
348 2271 437 2332 Tacito
453 2283 507 2318 esse
525 2269 645 2319 additum.
655 2270 712 2318 Iam
758 2278 822 2320 emet
846 2277 957 2330 tantum,
974 2277 1096 2336 quantum
1111 2271 1220 2322 honores
1236 2285 1307 2336 appe·

163 2353 264 2416 Lipsius
288 2353 324 2400 ita
348 2352 450 2414 putebat
475 2351 501 2398 in
519 2351 577 2400 edit.
596 2366 618 2399 a.
639 2355 710 2400 1585.
757 2351 820 2402 teuti
836 2351 995 2402 satisfaceret.
1015 2352 1067 2403 Sed
1084 2352 1217 2416 Agricola,
1232 2365 1307 2417 quem

160 2449 226 2498 quae
250 2433 379 2482 annotetio
404 2433 431 2481 in
447 2417 517 2481 'edit
543 2445 579 2495 sq.
606 2445 657 2479 non
674 2437 712 2480 est
757 2447 791 2482 ex
817 2433 905 2482 Tacito
930 2434 1116 2496 cognoscimus,
1133 2447 1185 2482 non
1202 2433 1224 2481 is
1241 2441 1306 2492 erat,

161 2515 274 2578 repetita.
309 2513 439 2564 Librarius
454 2511 515 2561 muli
532 2525 565 2561 ex
582 2512 664 2575 glossa
673 2526 711 2560 su·
756 2514 799 2577 qui
821 2529 854 2563 ex
871 2516 958 2574 dome,
976 2515 1054 2563 liliola
1070 2520 1155 2572 auem,
1172 2513 1220 2562 sibi
1237 2525 1307 2575 spem

161 2595 295 2658 perlineeri
318 2596 440 2657 recepisse
464 2593 569 2641 videtur.
614 2593 712 2641 Auctor
757 2595 784 2642 in
796 2595 1057 2657 repubiieaeresoendl
1065 2601 1203 2660 reponeret.
1231 2594 1307 2656 Quae

162 2676 445 2739 glossaeexplicandum
454 2673 711 2731 arbitrabatur,cuius
756 2689 833 2738 gener
859 2678 891 2725 de
907 2689 992 2726 socero
1009 2683 1107 2737 namt,
1125 2675 1213 2726 οοᾱεω
1228 2675 1305 2734 redit,

161 2758 199 2806 rei
222 2755 387 2806 dissimulatio
408 2761 473 2805 esset
488 2755 641 2804 redimenda.
660 2752 712 2802 Sed
757 2771 787 2804 ac
815 2758 837 2806 si
862 2771 932 2808 scoer
956 2751 1034 2822 priua'
1050 2769 1143 2820 genero
1167 2762 1307 2806 uanmset:

161 2851 202 2888 rea
218 2839 272 2900 ipsa
286 2838 363 2900 louge
379 2837 479 2898 gratim
495 2836 624 2894 reticetur,
640 2841 711 2883 eteo-
760 2843 895 2900 nquaestor
923 2839 950 2888 iu
982 2839 1046 2888 Asia
1070 2843 1156 2887 auctus
1180 2837 1217 2886 iul
1241 2835 1305 2896 fllia,

161 2919 267 2984 gitanda
296 2918 453 2981 relinquitur.
488 2916 627 2964 Proeonsul
659 2919 712 2964 erat
757 2919 867 2968 subsidio
896 2919 929 2968 ad
952 2917 1061 2968 bonores
1086 2917 1256 2980 auipuoendor
1282 2925 1307 2966 et

160 3013 255 3063 pronus
271 2999 297 3048 in
314 2998 582 3054 omnemeriditatsm‚
598 2997 712 3045 minime-
757 2999 846 3047 solatio
870 2998 957 3046 damni
981 2998 1008 3047 in
1033 2998 1086 3046 lilio
1110 3009 1190 3059 nuper
1214 2998 1307 3046 amisso

160 3095 211 3144 que
236 3094 253 3129 a
270 3078 408 3144 peccando,
425 3078 531 3128 mando
547 3077 711 3134 abhorrebat,
756 3077 842 3127 faofi?
877 3076 939 3126 Plus
963 3078 1079 3127 tribuisse
1101 3075 1228 3126 videretur·
1250 3077 1307 3126 sub·

162 3167 189 3210 et
206 3159 324 3208 turmine
339 3159 492 3208 toleravisset
508 3159 575 3208 idem
593 3159 619 3206 iu
637 3169 710 3221 quae
756 3158 834 3218 sidio,
865 3173 942 3223 quam
966 3159 1063 3209 solatio.
1098 3157 1237 3222 Indignum
1261 3159 1307 3208 tali

161 3249 244 3299 stors,
269 3239 379 3288 sisoim
392 3246 548 3303 quaestorem
564 3239 591 3287 iu
608 3252 710 3301 proeom
755 3241 818 3290 viro.
853 3239 966 3291 Dixiseet
990 3241 1084 3304 potius:
1101 3239 1219 3305 pendium
1235 3240 1311 3290 amul

160 3322 217 3372 sule
241 3333 296 3370 esse
320 3321 488 3369 toleraturum.
525 3319 634 3382 Optabat
657 3333 710 3368 mu·
756 3329 781 3369 et
805 3321 928 3372 solatium.
963 3321 1016 3371 Sed
1040 3322 1116 3373 fuerit
1132 3327 1186 3370 tem
1202 3321 1307 3385 cupidus

161 3400 709 3466 tuampeeeandi,peccati‚dissimulatiouem.
755 3401 892 3461 bonorum;
910 3403 931 3451 si
944 3403 1070 3452 habuisset
1079 3400 1305 3451 saltemduoslibe·

196 3480 229 3531 In
244 3481 379 3532 subsidium
395 3481 466 3531 manui
482 3490 505 3530 et
522 3479 644 3530 solatium.
668 3481 709 3528 Li·
755 3483 1030 3546 ros,atqueadeonata
1046 3482 1109 3541 illie,
1128 3481 1305 3540 habetatum,

161 3566 215 3615 beri
230 3571 289 3613 sunt
306 3563 428 3622 subsidia,
444 3563 615 3620 munimenta,
632 3562 710 3609 admi·
755 3562 862 3611 habebat
894 3569 960 3612 certe
994 3563 1032 3612 lus
1055 3564 1134 3612 trium
1160 3563 1305 3613 liberorum.

161 3647 257 3704 arionis,
274 3645 367 3702 fulcra,
384 3645 711 3707 quibusdomuspareutum
756 3644 832 3691 Nune
857 3657 909 3691 uon
931 3649 984 3692 erat
1001 3644 1027 3692 in
1044 3656 1096 3692 uno
1112 3657 1234 3708 magnum
1251 3646 1306 3694 sub·

160 3727 287 3775 tundetur.
313 3726 386 3774 Licet
402 3725 499 3788 saepius
514 3724 550 3773 ita
567 3721 710 3780 libertum
756 3721 861 3782 sidium,
887 3723 936 3772 nisi
961 3725 1000 3773 ius
1015 3725 1093 3775 trium
1108 3739 1125 3775 a
1140 3726 1252 3789 principe
1268 3740 1307 3774 ac·

161 3808 251 3856 saltem
266 3807 363 3868 plures,
376 3811 514 3864 'recemum
531 3805 563 3853 de
571 3819 617 3852 uuo
625 3810 710 3852 temen
755 3805 855 3868 ciperet.
882 3803 976 3856 Omnia
997 3806 1045 3855 ista
1062 3807 1094 3855 ab
1110 3807 1214 3870 ingenio
1231 3806 1306 3869 Agri·

161 3889 214 3938 illio
237 3887 323 3936 filiave
338 3887 400 3949 quin
417 3888 525 3944 dicetur,
542 3885 710 3935 dubitarinon
756 3887 825 3935 colae
841 3893 901 3935 mut
916 3885 1005 3936 aliena

161 3974 250 4033 potest.
269 3968 338 4017 Plin.
355 3967 436 4030 Epist.
453 3967 505 4016 IV.
523 3971 563 4014 ti.
587 3965 633 4014 tui
649 3981 711 4013 nunc
792 3964 881 4020 Quiete
911 3975 935 4016 et
960 3967 1017 4016 utic.
1062 3966 1143 4031 Saepe
1168 3967 1307 4029 iunguntur·

162 4065 225 4099 unua
242 4064 273 4097 esc
289 4049 368 4098 tribue
384 4045 712 4111 liberiesuperest,domum·
758 4047 827 4110 quies
852 4056 876 4096 et
900 4047 983 4097 cuum.
1008 4061 1033 4096 v.
1051 4047 1152 4096 Ruhnk.
1179 4047 1211 4096 ad
1237 4045 1306 4095 Vell.

162 4145 210 4194 que
236 4129 353 4193 pluribus
377 4126 532 4177 adrniniouiia
553 4126 631 4191 paulo
656 4135 713 4176 unte
758 4129 855 4176 Paterc.
882 4129 920 4177 11.
947 4133 987 4178 68.
1010 4129 1042 4176 In
1067 4143 1119 4177 uno
1145 4127 1229 4176 Vatie.
1246 4126 1307 4190 legi·

157 4209 310 4275 suadetque,
336 4208 462 4258 bromus
487 4206 564 4270 fulcit
589 4223 620 4256 uc
641 4209 712 4257 susu-
757 4216 797 4256 tur
827 4209 924 4272 quietis.
960 4210 1076 4258 Fortasse
1105 4213 1248 4270 corruptum
1273 4221 1306 4257 ex

163 4299 211 4340 net.
238 4289 334 4340 Statius
357 4289 422 4339 silv.
439 4289 490 4338 IV.
511 4293 533 4339 t.
550 4287 617 4338 almo
634 4287 713 4338 Prole
759 4288 864 4350 quietus.
890 4289 1018 4338 Invidiosa
1036 4289 1148 4337 additum
1165 4289 1223 4338 otio.
1250 4290 1306 4338 Tri·

157 4369 282 4436 fundasti
310 4385 401 4420 vocum
423 4379 543 4436 penates,
568 4370 634 4418 uenit
659 4384 713 4418 eece
758 4371 865 4418 buuatns
881 4369 987 4419 habebat
1004 4370 1305 4430 intemessiouem,etne·

156 4452 230 4512 ,nobis
246 4449 374 4502 Maximus
390 4452 463 4502 alter.
491 4451 632 4512 Quominus
647 4452 712 4514 equi-
735 4405 738 4495 i
759 4451 827 4514 gotia
851 4451 948 4513 ingrata
973 4459 997 4501 ct
1018 4449 1127 4501 difficilia
1142 4451 1182 4502 bis
1199 4467 1306 4516 praeser-
