3074 5310
637 553 815 601 roriconi.
1253 545 1312 607 173

170 725 303 794 tersalic
340 745 377 789 nc
401 721 591 810 spiramenta
614 732 813 809 temporum,
838 719 892 785 sed
916 725 1068 789 continuo
1093 736 1124 790 ct
1149 724 1234 792 velut
1252 749 1315 792 uno

168 833 237 898 ictu
261 855 328 898 rem
351 825 512 919 publicam
538 823 694 890 exhausit.

167 1056 265 1122 prande
290 1055 404 1105 solatium
422 1053 478 1103 tulit
484 1074 494 1109 ,·
512 1053 550 1102 ita
565 1065 667 1115 rnapnoe
684 1067 722 1099 cn·
765 1067 816 1116 pus
840 1051 925 1101 dilato
942 1053 1057 1117 suisset,
1088 1052 1136 1104 Vel
1147 1057 1318 1122 praecepisset

168 1137 268 1187 inodora
287 1135 429 1202 felicitatis
452 1142 489 1183 est
499 1133 631 1198 festinata
647 1140 723 1180 nsortc
768 1147 832 1181 mors
849 1142 991 1198 properata
1002 1136 1105 1200 jupam.
1121 1135 1165 1186 Sic
1181 1138 1317 1188 amicorum

169 1217 280 1268 euasisse
298 1225 448 1282 postrenum
463 1213 529 1265 iilud
544 1221 646 1277 ternpus.
665 1213 722 1261 Mu·
767 1229 831 1262 mors
858 1215 988 1278 festinata
1034 1217 1188 1280 praecepisse
1228 1219 1317 1268 dicitnr

168 1299 222 1348 tavi
245 1297 337 1348 durare
353 1298 379 1346 in
397 1297 509 1345 durasse.
528 1295 602 1345 Ptias
619 1293 723 1342 durasse
768 1295 831 1344 illud
863 1303 1017 1359 postremum
1041 1303 1139 1361 tempus
1164 1298 1316 1350 Domitiani.

168 1381 294 1445 oportuit,
313 1385 342 1428 ut
357 1377 468 1428 riderent
482 1378 566 1427 lucem
581 1375 721 1425 iilem.Du·
768 1377 839 1426 Mors
881 1375 966 1441 ἔφθη.
1008 1377 1166 1435 odecimo
1204 1375 1317 1430 ἀπέθα-

167 1477 255 1512 rsmns
272 1461 399 1520 inmaiis,
416 1457 721 1524 quossicestodicfininn·
767 1475 829 1518 aar,
854 1461 921 1523 quod
942 1460 1023 1509 videri
1039 1466 1120 1523 potest
1135 1474 1229 1524 magne
1243 1476 1316 1526 quse·

168 1549 220 1591 tur.
245 1542 322 1591 Maiis
336 1542 430 1601 finitis,
448 1537 588 1588 duravimus
605 1541 631 1588 in
648 1539 721 1586 ilium
767 1541 825 1588 dnm
858 1540 963 1590 felicitas
987 1541 1073 1602 nobis,
1098 1542 1146 1590 ista
1170 1543 1238 1591 mele
1262 1556 1317 1604 per·

169 1623 247 1673 diem.
263 1623 393 1672 Claudian.
411 1623 443 1670 do
460 1621 513 1670 VI.
526 1619 601 1669 Cone.
611 1619 722 1668 Honorii
766 1623 852 1684 pessis.

169 1707 230 1754 547.
257 1701 392 1753 Exsultont
408 1703 504 1752 iuuenes
520 1700 639 1764 aequaevi
650 1699 720 1765 prin·
800 1700 855 1750 Per
879 1701 1012 1751 intervalla
1037 1719 1068 1752 ac
1093 1703 1245 1768 spiramenta
1263 1711 1316 1752 teas·

168 1784 236 1850 cipis
260 1785 338 1833 annis.
361 1781 479 1832 Temnnnt
491 1783 582 1848 prisca
599 1796 679 1840 senes,
697 1789 721 1828 et
762 1797 860 1846 porum.
888 1781 1062 1832 Omittendum
1090 1790 1149 1847 puto
1167 1792 1316 1849 temporum,

167 1868 195 1916 in
221 1867 282 1916 irnnc
299 1865 346 1916 sibi
359 1880 482 1932 prospera
493 1861 556 1929 sati
581 1859 720 1911 Gratantur
765 1863 824 1925 quia
853 1863 928 1912 modo
953 1863 1056 1924 legitur:
1080 1872 1229 1928 postremum
1254 1864 1318 1914 iliud

166 1946 275 1997 durasse
300 1946 371 1996 diem.
396 1945 448 1995 Pro
465 1943 618 1994 aminabatnr
634 1943 720 2006 scripsi
766 1951 867 2008 ternpus.
884 1943 956 1992 Nihil
973 1945 1095 2007 ingratius
1103 1944 1314 2008 tslircpetitione:

166 2029 349 2088 minabamur,
372 2041 432 2088 nos,
451 2025 573 2090 Agricola
589 2031 614 2074 et
630 2025 718 2084 amici,
765 2030 790 2072 et
807 2039 858 2074 vox
876 2033 1008 2089 temporum
1024 2024 1066 2074 hic
1082 2039 1182 2088 prorsus
1199 2039 1314 2088 superve-

165 2109 243 2159 tecite
267 2115 439 2173 exspectantes
464 2107 569 2157 meliors
591 2112 718 2168 tempora3
765 2119 819 2154 cun.
855 2105 912 2154 Icm
937 2120 1010 2168 saepe
1035 2120 1051 2155 e
1074 2120 1118 2156 ms
1142 2107 1237 2156 dictum
1261 2115 1314 2166 est,

164 2205 232 2255 qnae
256 2191 324 2240 haud
349 2191 392 2239 diu
416 2189 502 2239 abesse
519 2187 718 2249 engurabemur,
764 2191 845 2235 totam
869 2187 937 2234 hunc
962 2187 1076 2237 libellum
1098 2187 1187 2251 glossis
1203 2188 1314 2238 librario·

163 2285 245 2336 quum
260 2277 330 2320 tenta
346 2269 486 2320 Domitiani
495 2267 598 2318 saevitis
606 2281 658 2316 non
667 2281 718 2315 em·
764 2281 821 2316 rum
846 2279 899 2316 esse
916 2267 1086 2331 inquinatum.
1105 2269 1200 2318 Multus
1215 2270 1313 2318 sutrii.

163 2351 233 2415 ptius
256 2351 357 2401 tolerari
382 2365 454 2414 posse
477 2352 611 2400 videretur.
645 2347 717 2396 Haec
764 2349 862 2397 Multae
887 2349 941 2397 sine
969 2349 1045 2398 dubio
1062 2355 1194 2413 supersunt
1209 2351 1242 2399 sb
1258 2351 1313 2400 eliis

164 2431 204 2481 illi
230 2431 296 2495 apud
321 2444 392 2481 aures
416 2447 489 2490 suas,
506 2432 572 2481 inter
590 2444 630 2489 se,
646 2435 718 2477 ceute
763 2430 853 2478 deinde
868 2429 1002 2480 tollendae.

163 2513 301 2576 agitabant.
320 2513 414 2578 Multi,
431 2521 459 2562 ut
475 2512 560 2561 scribit
568 2511 595 2558 in
604 2510 717 2568 exordio,
801 2508 918 2558 Continuo
944 2517 969 2556 et
992 2509 1059 2560 reiut
1083 2527 1130 2561 uno
1150 2512 1202 2561 ictu
1218 2527 1312 2577 rempu-

163 2593 275 2644 fortuitis
301 2595 412 2653 casibns‚
437 2593 636 2656 promptissimus
652 2591 717 2654 quis·
762 2593 849 2644 alicam
871 2593 993 2644 ernaudi.
1012 2594 1164 2656 Interpretes
1180 2606 1268 2642 omnes
1285 2593 1312 2643 ii·

162 2687 215 2740 que
230 2677 333 2725 saevitia
349 2675 467 2739 principis
484 2674 675 2731 interciderant,
689 2671 716 2720 in
762 2676 869 2724 lustrant
892 2689 926 2725 ex
952 2675 1049 2726 Seneca
1073 2675 1105 2722 de
1130 2675 1174 2723 Im
1195 2675 1250 2725 III.
1272 2679 1312 2724 19.

166 2755 428 2820 quibusetAgricolo.
439 2755 591 2819 superstites
600 2753 717 2802 solatium
763 2755 856 2816 Homo,
882 2758 926 2821 qui
947 2757 978 2806 de
995 2765 1045 2806 toto
1061 2733 1149 2805 sendus
1167 2755 1312 2806 trucidando

163 2837 290 2886 malornm
316 2837 473 2895 habuerant,
498 2835 612 2885 videntes
630 2833 717 2883 trsis·
762 2839 901 2903 cupiatur,-
919 2839 963 2902 qui
978 2838 1095 2903 optabat,
1110 2835 1312 2902 utpopnlnsRa·

162 2932 234 2966 num.
250 2917 320 2966 Meis
335 2915 634 2980 istspostre'motempore
642 2914 712 2967 incre
761 2935 848 2968 manus
870 2933 942 2968 unam
958 2919 1074 2968 ceruicem
1090 2916 1202 2977 toberin,
1219 2927 1247 2967 nt
1262 2933 1313 2968 eec-

162 3003 248 3058 tents‚
273 3005 302 3047 ut
324 2997 428 3047 tortasse
443 3004 510 3047 recte
526 2999 645 3061 appellari
662 3013 716 3060 pos·
763 2999 816 3049 iera
839 3016 885 3049 sua
902 3001 928 3050 in
944 3013 1017 3048 annm
1033 2999 1106 3047 ictum
1124 3005 1147 3046 et
1162 3014 1234 3047 unum
1249 2998 1313 3048 dan

163 3079 216 3129 sint
230 3077 327 3138 felices,
343 3079 387 3142 qni
403 3079 471 3142 prius
488 3070 568 3128 morto
584 3080 716 3142 intercepti
761 3090 865 3144 ooqeret.
891 3081 1020 3144 Caligine,
1046 3083 1074 3126 nt
1099 3084 1184 3127 narrat
1206 3077 1311 3128 Saeton.

163 3166 237 3220 sunt,
262 3167 339 3208 morte
358 3158 498 3224 festinata.
522 3159 561 3208 Es
572 3160 716 3224 festinatur
763 3167 803 3220 30,
830 3159 951 3226 Infansus
977 3162 1063 3210 turbae
1075 3158 1180 3224 fauenti
1193 3159 1312 3210 aducrm

163 3247 262 3302 nature,
279 3240 296 3290 i.
314 3255 335 3290 e.
353 3241 449 3298 morbo,
466 3240 675 3299 cssn,rir.liena,
689 3241 716 3289 vi
762 3241 868 3292 studium
885 3259 966 3304 rann,
984 3239 1144 3292 enciansauit:
1162 3241 1255 3292 utinen
1267 3260 1312 3308 po-

162 3336 240 3387 qnnrn
265 3322 312 3371 sibi
337 3321 394 3386 quis
418 3322 471 3385 ipse
496 3320 579 3370 infert.
604 3321 715 3370 Merticl.
758 3324 834 3390 putus
850 3322 978 3372 Romanus
994 3321 1311 3374 snamcervicunkabact!

162 3403 252 3467 Epigr.
279 3404 344 3452 VII.
371 3407 412 3452 89.
444 3400 539 3452 Occidit
563 3401 609 3451 iiia
630 3402 715 3467 prior,
761 3405 791 3455 Si
812 3405 873 3468 quid
889 3404 1019 3452 adiecisset
1036 3402 1165 3466 Caligula,
1182 3418 1312 3467 nunquam

162 3485 241 3536 uiridi
252 3483 385 3550 fraudata
399 3480 715 3548 iuuenta-Sedfistina·
759 3492 834 3550 puto,
860 3485 1005 3535 adiecissetr
1023 3493 1051 3533 ut
1067 3500 1113 3532 uno
1130 3484 1181 3533 ictu
1197 3483 1311 3535 exhauri-

162 3569 197 3618 tis
212 3573 312 3632 raptum
329 3573 352 3614 te
369 3563 474 3613 credidit
490 3563 574 3623 annis,
591 3561 717 3629 Adspexit
760 3583 821 3624 rern;
840 3564 900 3625 Sed,
916 3581 969 3615 uno
985 3567 1037 3615 ictu
1052 3571 1127 3630 caput
1143 3571 1262 3626 meterent,
1271 3568 1311 3617 ab·

162 3648 281 3698 lacrimas
299 3645 429 3710 quisquis,
447 3643 567 3704 Etrusca,
586 3653 650 3694 tuas.
667 3645 715 3694 Ta·
761 3646 903 3708 scinderem,
920 3649 961 3696 vei
987 3648 1082 3706 similo,
1107 3649 1174 3711 qunti
1195 3654 1263 3698 recte
1280 3651 1311 3698 ed

160 3729 204 3780 cit.
232 3728 328 3778 Annul.
355 3727 404 3776 IV.
431 3731 471 3776 28.
496 3723 563 3780 Quia
577 3725 716 3790 periculum
761 3729 877 3779 cervicem
903 3729 1044 3779 referretur.
1071 3731 1103 3778 In
1120 3729 1170 3778 ictu
1188 3736 1225 3778 est
1242 3731 1311 3778 notio

156 3827 209 3877 pro
226 3808 302 3859 esitio
319 3807 715 3872 habebatur‚rnorternipscfesti·
759 3812 917 3860 vulnerandi.
938 3809 1046 3870 Quando
1063 3811 1141 3859 hostis
1154 3816 1250 3872 partem
1258 3825 1310 3860 cor·

158 3891 238 3942 navit.
252 3891 350 3941 Eadem
358 3901 456 3954 quoque
466 3895 502 3938 est
510 3889 573 3938 ratio
583 3890 651 3939 verbi
656 3907 715 3954 pro·
759 3893 826 3954 poris
850 3891 950 3940 hostilis
966 3891 1112 3953 gravissimo
1130 3891 1258 3950 vulneret,
1275 3891 1311 3940 ai·

155 3987 260 4040 perure.
279 3971 473 4020 Anna1.II.3.
492 3969 714 4019 Petitarumseui-
760 3974 824 4022 citur
850 3988 905 4022 curn
931 3972 1045 4031 haurire,
1070 3979 1099 4020 ut
1116 3970 1194 4030 totns,
1208 3979 1311 4034 pectas,

160 4065 229 4114 tam,
247 4053 356 4118 quamuis
372 4051 478 4110 nocenti,
495 4050 545 4099 nisi
551 4050 715 4100 uoluntariam
750 4055 817 4103 ulie.
844 4053 934 4102 Livius
957 4053 1083 4102 V11.10.
1114 4049 1169 4102 Uno
1185 4051 1312 4115 alteroque

160 4143 261 4186 mortem
281 4134 477 4200 proposuisset.
496 4132 536 4182 cf.
554 4131 665 4184 Gronov.
684 4136 716 4183 ul
762 4133 862 4184 subinde
879 4136 929 4184 ictu
946 4143 1052 4183 ventrem
1059 4131 1312 4198 atqueinyninahan-

162 4217 260 4268 Annei.
279 4218 330 4266 VI.
346 4223 370 4268 8.
389 4215 485 4265 Tibuil.
503 4215 554 4264 IV.
563 4229 580 4264 1.
592 4219 648 4265 205.
666 4212 714 4264 Seu
761 4215 808 4275 sit,
826 4223 850 4264 et
868 4215 893 4264 in
910 4215 1019 4280 spatium
1037 4216 1120 4280 inpens
1136 4223 1243 4264 rnentern
1251 4232 1312 4282 por·

161 4307 263 4348 motura
280 4296 333 4346 dies
349 4296 451 4346 celerem
461 4295 715 4360 properatmihirncr·
761 4297 826 4346 rexit
845 4296 943 4346 trustem.
958 4297 1083 4360 Exempla
1091 4295 1222 4346 hauriendi
1227 4311 1311 4360 ‚prae

166 4387 220 4438 tera,
238 4375 325 4443 Lonpa
341 4375 715 4428 manetseurita.0vid.'hist.
764 4379 850 4428 sertim
876 4379 941 4441 apud
965 4381 1064 4442 poetes,
1091 4377 1170 4426 muita
1186 4381 1312 4443 reperiun-

160 4461 216 4511 111.
236 4475 277 4510 ιιι.
296 4467 336 4511 38.
359 4459 406 4510 Vei
419 4475 500 4525 poena
518 4459 543 4508 in
560 4458 644 4508 mortis
662 4467 715 4509 ten-
764 4468 812 4510 tur.
830 4458 861 4510 cf.
880 4459 1025 4523 interpretes
1042 4460 1074 4511 sd
1091 4457 1137 4510 sil.
1152 4461 1310 4515 lentisci.
