3074 5310
253 523 315 620 158
736 537 905 586 cnosson.

249 703 400 767 ’Arriam
424 705 614 774 μαχέσασθαι,
637 712 667 758 ut
690 721 770 772 nuper
793 708 975 759 amandandum
991 709 1087 774 putavit
1102 709 1135 760 L.
1152 709 1318 762 115555511555
1333 724 1380 774 pro

251 790 351 842 aiore
368 781 430 848 οἷος.
446 794 546 844 Novem
562 794 656 845 Achivi
669 808 698 844 ss
713 793 821 845 offerunt
836 795 973 845 certamini.
992 795 1142 847 Sortiuntur.
1152 795 1246 846 Achivi
1253 795 1382 846 autumat

251 885 381 944 optarunt,
398 885 489 930 sortem
505 881 604 930 ovsniro
619 879 661 929 vsi
677 879 760 938 Aiaci,
775 878 817 930 rol
832 879 963 941 Diomedi,
979 883 1021 931 vel
1032 881 1234 946 Agamemnoni:
1251 882 1296 931 ssd
1305 880 1382 931 Aiaci

250 971 309 1017 anto
333 979 428 1017 omncs.
462 966 556 1016 Munus
579 965 691 1016 oortandi
707 963 796 1028 obtigit
813 965 896 1026 Aiaci,
913 966 1062 1028 Hectorem,
1078 968 1139 1017 dicit
1156 966 1242 1026 Aiax,
1260 965 1382 1026 55551551,

250 1065 302 1102 non
325 1051 400 1101 ‘amai
424 1051 518 1114 sortiri,
543 1066 602 1113 noc,
624 1057 716 1102 sortem
731 1055 832 1112 nutus,
848 1057 948 1103 curtare.
966 1053 1078 1102 Eventus
1094 1053 1236 1103 certaminis
1252 1065 1315 1102 mox
1330 1065 1383 1102 ma·

250 1143 374 1187 moratur:
399 1137 505 1188 uarietas
529 1138 557 1187 in
582 1138 645 1188 Mas.
666 1143 719 1196 ast,
743 1142 878 1200 sortemque
901 1152 977 1186 meam
997 1137 1113 1200 amictis,
1129 1137 1243 1198 novistis,
1260 1137 1385 1199 manas,

250 1221 375 1284 mutatis,
390 1223 459 1273 undo
475 1221 555 1272 facilis
567 1226 709 1272 comsotnru
723 1220 845 1271 ministr.
860 1222 981 1274 Heinsius
995 1222 1094 1288 legabat
1103 1221 1220 1290 sociatis.

285 1393 317 1444 P.
333 1399 375 1445 ³4.
410 1391 545 1444 Provincia
556 1401 653 1460 parato
665 1390 833 1463 perornatur.
849 1391 949 1446 Hirtius
964 1394 996 1444 aa
1012 1393 1045 1445 B.
1063 1394 1240 1446 Alexandrino
1256 1397 1384 1460 50.quu1a

256 1482 387 1546 Longinus
403 1481 536 1545 imperator
559 1480 651 1532 mourut
674 1479 774 1539 555555,
789 1489 854 1542 quae
869 1477 960 1528 fecorat
974 1486 1106 1544 quaestor:
1123 1478 1220 1530 Horum
1235 1479 1319 1531 odiam
1333 1497 1385 1530 coa·

251 1567 390 1632 finnatont
412 1565 519 1615 nonnulii
525 1564 675 1630 familiares
690 1564 756 1625 eius,
774 1563 830 1628 qui,
847 1579 919 1628 quum
934 1564 960 1613 ia
976 1564 1023 1614 iiia
1038 1565 1155 1616 societate
1170 1573 1330 1616 uersarenuer
1343 1581 1381 1614 ra-

254 1652 388 1717 pinarum,
404 1649 480 1700 atita
495 1651 573 1700 minus
588 1649 691 1700 55155555
707 1663 772 1709 cum.
788 1647 858 1702 astus
873 1649 965 1700 rumine
977 1651 1122 1716 peccabant.

286 1821 318 1872 1³.
334 1826 376 1873 45.
410 1817 448 1871 Er
469 1821 566 1872 cimere
589 1819 717 1887 iaqlorium
741 1825 767 1869 et
789 1819 868 1869 atteri
890 1819 1024 1872 sordidum.
1051 1821 1127 1874 Oria.
1153 1823 1259 1876 Motum.
1277 1825 1314 1876 V.
1331 1829 1386 1876 815.

258 1906 344 1976 ssepa
359 1906 456 1972 quidem
471 1906 613 1957 mercam
627 1914 691 1968 orat,
708 1905 753 1958 seri
766 1905 853 1956 cedere
862 1905 940 1956 urum
949 1904 1068 1972 Turpius.
1077 1908 1130 1958 IX.
1139 1913 1162 1959 5.
1172 1909 1230 1961 Nec
1238 1919 1290 1962 tem
1303 1909 1388 1979 Turpe

250 1995 311 2062 suit
335 1994 412 2055 sinai,
430 1992 668 2058 quamccateadirse
684 1993 795 2044 51555555
811 2000 856 2042 ast.
873 1993 930 2042 Iam
945 1992 972 2042 in
988 2007 1122 2058 magicam
1137 2003 1163 2048 at
1178 1999 1340 2050 contantinus
1355 2000 1389 2049 si·

256 2092 295 2134 ter
318 2084 396 2134 altmo
415 2075 659 2138 crustumerium.
684 2075 783 2128 Ennius
798 2078 864 2142 opud
877 2083 1004 2130 marom
1019 2079 1052 2131 B.
1069 2080 1246 2147 Hispaniensis
1261 2089 1305 2136 sl.
1337 2083 1391 2134 Pas

255 2169 320 2237 peda
333 2169 470 2236 pruritur,
486 2161 562 2217 armis
577 2170 689 2213 terantur
704 2177 783 2214 arma.

294 2340 325 2390 P.
342 2343 384 2391 49.
417 2335 499 2388 Haud
520 2347 614 2400 emrpor
638 2341 709 2384 arat
725 2335 805 2400 samo
828 2349 866 2402 sq.
891 2333 922 2387 0.
947 2334 979 2385 Ρ.
996 2334 1117 2388 Hooi’aiuc
1131 2337 1159 2388 in
1176 2339 1289 2405 1151515155
1304 2343 1337 2394 ati
1352 2342 1390 2394 H.

260 2425 376 2479 (irotinrn
400 2441 424 2476 a.
451 2427 522 2476 ists.
549 2418 632 2472 Haud
651 2435 747 2486 semper
760 2422 932 2488 matjam,
948 2420 1082 2487 aliqnando
1098 2433 1122 2474 ct
1138 2425 1215 2491 eiiqit.
1238 2425 1321 2492 thue
1337 2437 1390 2480 aa...

261 2513 314 2563 ‹irm
338 2512 443 2577 liqueret
465 2523 520 2560 eom
542 2521 624 2558 ouum
647 2505 744 2568 ciicsrc⁸
764 2507 821 2574 ipss
836 2507 901 2560 iuter
915 2507 979 2559 aiios
996 2507 1034 2558 tui
1048 2509 1229 2564 macariana
1244 2529 1331 2565 cocere
1345 2532 1391 2566 aaa

260 2598 353 2648 destiti.

295 2769 327 2819 P.
350 2771 390 2818 55.
412 2763 502 2816 &aaut
516 2763 630 2828 eqreqiae
645 2770 694 2812 tum
710 2761 765 2827 spei
774 2762 858 2824 filiam
874 2779 911 2828 aq.
935 2764 1042 2818 Videtur
1058 2767 1120 2817 illua
1137 2777 1186 2818 tum
1200 2770 1237 2820 ita
1252 2773 1314 2836 poni
1329 2773 1392 2823 inter

262 2855 411 2906 adisaivum
428 2859 453 2902 ot
469 2850 664 2910 substantivum,
680 2856 710 2899 ut
725 2856 809 2898 tamon
826 2850 858 2898 sd
874 2863 978 2914 5555555
991 2853 1095 2902 vortam
1111 2855 1144 2904 ait
1150 2855 1317 2908 rotonensium.
1334 2859 1391 2909 mr.

261 2941 395 2994 XXXIV.
421 2943 461 2990 62.
487 2937 562 2988 Hauc
586 2947 635 2988 tum
659 2937 779 3002 reqionum
799 2963 833 2973 -
858 2935 951 3001 effecit·
977 2936 1112 2989 XXXVI.
1132 2944 1170 2990 16.
1189 2938 1391 3006 Haudquaquam

258 3027 320 3094 pori
335 3035 384 3076 tum
400 3025 479 3075 naimo
494 3025 562 3076 iutra
575 3033 666 3092 portus
682 3024 730 3076 ioci
745 3023 798 3075 eius
814 3023 906 3074 castris
918 3022 1026 3090 potitis,
1042 3025 1213 3076 munitionibus
1226 3026 1329 3092 iusuper
1344 3027 1391 3078 cai-

262 3125 310 3166 tum
326 3113 481 3182 impediebat.
605 3109 612 3116 '

299 3286 331 3337 Ρ.
348 3289 390 3335 51.
410 3281 519 3336 Genitioi
520 3282 687 3348 pronoruiaam
699 3283 751 3333 cius
756 3318 764 3342 ,
773 3283 848 3344 illius,
858 3281 972 3332 conticeo
981 3280 1093 3332 librariis
1100 3280 1233 3333 adduntur.
1242 3283 1397 3335 Inorationa

265 3387 338 3438 prosa
363 3369 443 3420 facilis
467 3374 505 3419 ost
529 3369 676 3420 emendatio.
702 3369 845 3420 Pronomon
870 3369 979 3428 eicitur,
1003 3375 1032 3418 ut
1055 3383 1081 3419 v.
1095 3385 1117 3420 o.
1134 3371 1160 3420 iu
1178 3369 1267 3434 Agric.
1283 3385 1339 3436 cap.
1355 3376 1396 3421 45.

266 3457 321 3510 Sed
341 3457 400 3508 miii
419 3455 542 3521 filiaeque
566 3457 619 3506 eius
632 3463 736 3522 praeter
752 3453 909 3504 acerbitatem
922 3455 1037 3520 pareatis
1053 3455 1133 3522 arcpti
1148 3463 1222 3520 ouqet
1236 3457 1394 3530 rrscostitr'am¹

266 3543 333 3610 quari
355 3560 392 3608 sq.
417 3542 459 3592 Ibi
482 3557 533 3591 non
550 3544 600 3593 aiis
616 3558 669 3594 esso
684 3549 764 3609 potest
775 3541 837 3606 filio
852 3557 927 3613 quam
943 3542 995 3592 filia
1011 3541 1163 3607 Agricolas,
1179 3543 1223 3608 qui
1239 3549 1293 3592 oret
1308 3557 1396 3607 parona

182 3617 189 3630 '
263 3633 350 3680 uxoris
375 3630 469 3688 Taciti,
491 3636 606 3694 atquem
624 3631 725 3680 Tacitus
741 3629 874 3694 alloquitur
888 3628 1031 3688 nominans,
1046 3628 1161 3692 optimum
1173 3635 1314 3694 pareatum.
1331 3629 1394 3678 Mas.

267 3717 350 3768 Vatic.
375 3715 500 3764 habebant
524 3715 590 3774 5155,
616 3729 649 3766 ex
672 3715 785 3778 margins
808 3715 850 3765 vol
873 3715 955 3777 glossa
978 3713 1141 3778 supariiueari
1162 3721 1334 3778 assumptum:
1347 3716 1397 3764 iam

213 3820 215 3824 ¹
266 3801 403 3852 Rhenanus
426 3806 492 3849 rocta
516 3799 608 3849 omisit.
634 3799 764 3849 Difficilior
788 3807 825 3850 eat
841 3801 980 3850 emendatio
996 3801 1023 3850 in
1039 3801 1156 3852 carmina
1175 3799 1259 3861 Quam
1275 3800 1399 3852 rationum

263 3891 290 3940 in
316 3903 347 3939 oo
371 3887 522 3952 sequendam
546 3885 662 3946 arbitror,
689 3885 827 3935 ostendam.
853 3886 967 3935 Tibullus
983 3885 1006 3936 1.
1022 3899 1058 3936 vr.
1077 3889 1118 3934 25.
1137 3881 1232 3950 Saepe,
1248 3883 1316 3934 ucieu
1336 3900 1397 3949 qem-

264 3991 318 4026 mas
340 3973 394 4023 eius
419 3973 539 4036 uquamcc
561 3972 699 4037 probarem,
717 3968 772 4019 Per
788 3986 900 4020 caussam
917 3973 1011 4022 memini
1026 3987 1062 4022 me
1079 3971 1188 4035 tetiqissa
1204 3985 1306 4021 manum.
1340 3971 1399 4030 Ibi,

265 4063 352 4120 modo,
379 4059 495 4109 ‘I'ibullus
519 4059 662 4122 scripserat:
689 4055 785 4122 Saepe,
809 4055 875 4106 velut
895 4071 999 4120 qemmas
1015 4057 1107 4107 tacims
1122 4057 1245 4122 siqoumm
1257 4057 1398 4122 proaem

265 4147 395 4218 Heynius:
422 4142 503 4197 mua
519 4145 712 4204 observandum,
729 4145 811 4210 qnod,
827 4148 856 4192 nt
872 4143 946 4192 nimis
962 4149 1037 4194 tanus
1053 4150 1078 4194 et
1094 4143 1173 4204 axiis,
1191 4144 1218 4193 in
1234 4143 1321 4206 elogiis
1337 4143 1399 4192 isra·

266 4234 310 4283 bat
333 4230 418 4281 Bantl.
443 4231 476 4279 ad
499 4229 589 4278 Horat.
614 4228 665 4277 III.
691 4243 730 4278 xi.
757 4232 795 4277 18.
813 4228 840 4276 in
859 4226 914 4279 Oda
929 4230 1137 4280 uaoreiiciobct.
1156 4231 1281 4282 Laudavit
1297 4231 1399 4295 quinon

266 4320 338 4382 plura
353 4320 409 4368 loca
425 4317 514 4367 Burni.
530 4317 560 4365 aa
579 4313 653 4365 oviu.
670 4314 774 4364 Motum.
792 4313 873 4364 VIII.
893 4317 930 4362 15.
947 4315 1036 4379 quibua
1053 4315 1132 4366 adiice
1145 4314 1215 4367 Gmt.
1234 4315 1330 4381 Oynsg.
1341 4321 1398 4365 254.

267 4404 322 4454 Noc
345 4412 430 4454 tamen
454 4405 548 4454 efficere
571 4403 663 4466 potuit,
679 4401 812 4467 quominus
828 4400 903 4449 otiam
917 4399 943 4449 ir.
959 4400 978 4449 1.
994 4400 1103 4452 ieiunam
1118 4402 1192 4454 iaciat
1208 4403 1347 4454 orationem
1368 4399 1401 4448 τὸ

269 4489 334 4551 eiua,
359 4489 426 4554 quod
450 4488 522 4541 iacilo
546 4489 639 4543 avitam
657 4493 753 4552 potarat
768 4489 856 4554 putta,
872 4502 897 4538 v.
914 4501 936 4538 5.
952 4502 1065 4553 qemmam
1080 4486 1155 4553 diqiti
1170 4488 1318 4553 siquomvr.'’
1352 4488 1401 4538 Vir
