<?xml version="1.0" encoding="UTF-8"?>
<!DOCTYPE html PUBLIC "-//W3C//DTD XHTML 1.0 Transitional//EN"
    "http://www.w3.org/TR/xhtml1/DTD/xhtml1-transitional.dtd">
<html xmlns="http://www.w3.org/1999/xhtml" xml:lang="en" lang="en">
 <head>
  <title>
</title>
<meta http-equiv="Content-Type" content="text/html;charset=utf-8" />
  <meta name='ocr-system' content='tesseract 3.04.00' />
  <meta name='ocr-capabilities' content='ocr_page ocr_carea ocr_par ocr_line ocrx_word'/>
</head>
<body>
  <div class='ocr_page' id='page_1' title='image "./ccorneliitaciti09tacigoog/ccorneliitaciti09tacigoog_0031.png"; bbox 0 0 3134 5310; ppageno 0'>
   <div class='ocr_carea' id='block_1_1' title="bbox 253 509 985 570">
    <p class='ocr_par' dir='ltr' id='par_1_1' title="bbox 253 509 985 570">
     <span class='ocr_line' id='line_1_1' title="bbox 253 509 985 570; baseline -0.003 0"><span class='ocrx_word' id='word_1_1' title='bbox 253 509 292 570; x_wconf 82' lang='lat' dir='ltr'><strong>tt</strong></span> <span class='ocrx_word' id='word_1_2' title='bbox 693 520 849 570; x_wconf 77' lang='lat' dir='ltr'><strong>coeuntis</strong></span> <span class='ocrx_word' id='word_1_3' title='bbox 873 522 985 570; x_wconf 76' lang='lat' dir='ltr'><strong>sacrm</strong></span> 
     </span>
    </p>
   </div>
   <div class='ocr_carea' id='block_1_2' title="bbox 250 688 1399 885">
    <p class='ocr_par' dir='ltr' id='par_1_2' title="bbox 250 688 1399 885">
     <span class='ocr_line' id='line_1_2' title="bbox 250 688 1397 780; baseline 0.003 -24"><span class='ocrx_word' id='word_1_4' title='bbox 250 692 347 756; x_wconf 78' lang='lat' dir='ltr'>nostri</span> <span class='ocrx_word' id='word_1_5' title='bbox 381 691 561 780; x_wconf 79' lang='lat' dir='ltr'>superstites</span> <span class='ocrx_word' id='word_1_6' title='bbox 597 712 723 769; x_wconf 90' lang='lat' dir='ltr'><strong>sumus,</strong></span> <span class='ocrx_word' id='word_1_7' title='bbox 759 692 912 780; x_wconf 83' lang='lat' dir='ltr'><strong>exemptis</strong></span> <span class='ocrx_word' id='word_1_8' title='bbox 946 713 963 758; x_wconf 91' lang='lat' dir='ltr'><strong>e</strong></span> <span class='ocrx_word' id='word_1_9' title='bbox 996 688 1100 758; x_wconf 85' lang='lat' dir='ltr'><strong>modis</strong></span> <span class='ocrx_word' id='word_1_10' title='bbox 1125 690 1188 755; x_wconf 83' lang='lat' dir='ltr'><strong>vito</strong></span> <span class='ocrx_word' id='word_1_11' title='bbox 1213 702 1260 756; x_wconf 87' lang='lat' dir='ltr'><strong>tot</strong></span> <span class='ocrx_word' id='word_1_12' title='bbox 1283 694 1397 771; x_wconf 71' lang='lat' dir='ltr'><strong>annu,</strong></span> 
     </span>
     <span class='ocr_line' id='line_1_3' title="bbox 252 795 1399 885; baseline 0.005 -23"><span class='ocrx_word' id='word_1_13' title='bbox 252 796 367 884; x_wconf 85' lang='lat' dir='ltr'><strong>quibus</strong></span> <span class='ocrx_word' id='word_1_14' title='bbox 401 796 528 862; x_wconf 80' lang='lat' dir='ltr'><strong>iuuenes</strong></span> <span class='ocrx_word' id='word_1_15' title='bbox 557 796 596 860; x_wconf 88' lang='lat' dir='ltr'><strong>ed</strong></span> <span class='ocrx_word' id='word_1_16' title='bbox 620 807 836 873; x_wconf 88' lang='lat' dir='ltr'><strong>senectutem,</strong></span> <span class='ocrx_word' id='word_1_17' title='bbox 861 819 950 862; x_wconf 90' lang='lat' dir='ltr'><strong>senes</strong></span> <span class='ocrx_word' id='word_1_18' title='bbox 974 818 1073 885; x_wconf 85' lang='lat' dir='ltr'><strong>prope</strong></span> <span class='ocrx_word' id='word_1_19' title='bbox 1096 796 1136 862; x_wconf 87' lang='lat' dir='ltr'><strong>sd</strong></span> <span class='ocrx_word' id='word_1_20' title='bbox 1160 795 1242 885; x_wconf 90' lang='lat' dir='ltr'><strong>ipsos</strong></span> <span class='ocrx_word' id='word_1_21' title='bbox 1267 813 1399 867; x_wconf 80' lang='lat' dir='ltr'><strong>exactae</strong></span> 
     </span>
    </p>
   </div>
   <div class='ocr_carea' id='block_1_3' title="bbox 246 1010 802 1804">
    <p class='ocr_par' dir='ltr' id='par_1_3' title="bbox 246 1010 802 1804">
     <span class='ocr_line' id='line_1_4' title="bbox 249 1010 802 1074; baseline 0.002 -16"><span class='ocrx_word' id='word_1_22' title='bbox 249 1017 303 1070; x_wconf 87' lang='lat' dir='ltr'><strong>tus,</strong></span> <span class='ocrx_word' id='word_1_23' title='bbox 318 1017 355 1059; x_wconf 89' lang='lat' dir='ltr'><strong>est</strong></span> <span class='ocrx_word' id='word_1_24' title='bbox 363 1017 501 1074; x_wconf 77' lang='lat' dir='ltr'><strong>corruptus.</strong></span> <span class='ocrx_word' id='word_1_25' title='bbox 513 1010 673 1062; x_wconf 86' lang='lat' dir='ltr'><strong>Adiectivum</strong></span> <span class='ocrx_word' id='word_1_26' title='bbox 683 1012 802 1062; x_wconf 75' lang='lat' dir='ltr'><strong>adrasus</strong></span> 
     </span>
     <span class='ocr_line' id='line_1_5' title="bbox 251 1092 802 1155; baseline 0.002 -16"><span class='ocrx_word' id='word_1_27' title='bbox 251 1106 303 1141; x_wconf 86' lang='lat' dir='ltr'><strong>noo</strong></span> <span class='ocrx_word' id='word_1_28' title='bbox 321 1099 377 1155; x_wconf 84' lang='lat' dir='ltr'><strong>eget</strong></span> <span class='ocrx_word' id='word_1_29' title='bbox 394 1094 562 1144; x_wconf 83' lang='lat' dir='ltr'><strong>excusatione.</strong></span> <span class='ocrx_word' id='word_1_30' title='bbox 582 1092 802 1143; x_wconf 86' lang='lat' dir='ltr'><strong>Coniiciuntaeer-</strong></span> 
     </span>
     <span class='ocr_line' id='line_1_6' title="bbox 249 1171 802 1234; baseline 0.004 -14"><span class='ocrx_word' id='word_1_31' title='bbox 249 1188 304 1234; x_wconf 83' lang='lat' dir='ltr'><strong>sus,</strong></span> <span class='ocrx_word' id='word_1_32' title='bbox 330 1171 449 1234; x_wconf 83' lang='lat' dir='ltr'><strong>diuersus,</strong></span> <span class='ocrx_word' id='word_1_33' title='bbox 475 1174 531 1224; x_wconf 78' lang='lat' dir='ltr'><strong>alia</strong></span> <span class='ocrx_word' id='word_1_34' title='bbox 575 1173 702 1226; x_wconf 83' lang='lat' dir='ltr'><strong>Coniicio:</strong></span> <span class='ocrx_word' id='word_1_35' title='bbox 728 1183 752 1223; x_wconf 89' lang='lat' dir='ltr'><strong>et</strong></span> <span class='ocrx_word' id='word_1_36' title='bbox 760 1174 802 1223; x_wconf 87' lang='lat' dir='ltr'><strong>im·</strong></span> 
     </span>
     <span class='ocr_line' id='line_1_7' title="bbox 248 1253 801 1320; baseline 0.007 -20"><span class='ocrx_word' id='word_1_37' title='bbox 248 1268 343 1302; x_wconf 84' lang='lat' dir='ltr'><strong>mensus</strong></span> <span class='ocrx_word' id='word_1_38' title='bbox 360 1253 441 1314; x_wconf 84' lang='lat' dir='ltr'><strong>ultra,</strong></span> <span class='ocrx_word' id='word_1_39' title='bbox 463 1264 537 1320; x_wconf 83' lang='lat' dir='ltr'><strong>utque</strong></span> <span class='ocrx_word' id='word_1_40' title='bbox 554 1255 591 1306; x_wconf 86' lang='lat' dir='ltr'><strong>sic</strong></span> <span class='ocrx_word' id='word_1_41' title='bbox 604 1255 722 1315; x_wconf 78' lang='lat' dir='ltr'><strong><em>dixerim,</em></strong></span> <span class='ocrx_word' id='word_1_42' title='bbox 740 1254 801 1304; x_wconf 89' lang='lat' dir='ltr'><strong>dioi-</strong></span> 
     </span>
     <span class='ocr_line' id='line_1_8' title="bbox 249 1334 801 1386; baseline 0 -2"><span class='ocrx_word' id='word_1_43' title='bbox 249 1349 291 1384; x_wconf 85' lang='lat' dir='ltr'><strong>tus</strong></span> <span class='ocrx_word' id='word_1_44' title='bbox 324 1335 354 1382; x_wconf 83' lang='lat' dir='ltr'><strong>ab</strong></span> <span class='ocrx_word' id='word_1_45' title='bbox 388 1336 445 1383; x_wconf 88' lang='lat' dir='ltr'><strong>orbe</strong></span> <span class='ocrx_word' id='word_1_46' title='bbox 479 1344 561 1386; x_wconf 87' lang='lat' dir='ltr'><strong>nostro</strong></span> <span class='ocrx_word' id='word_1_47' title='bbox 598 1334 707 1385; x_wconf 82' lang='lat' dir='ltr'><strong><em>Oceanus</em></strong></span> <span class='ocrx_word' id='word_1_48' title='bbox 732 1336 801 1384; x_wconf 88' lang='lat' dir='ltr'><strong>raris</strong></span> 
     </span>
     <span class='ocr_line' id='line_1_9' title="bbox 248 1414 799 1482; baseline 0.005 -20"><span class='ocrx_word' id='word_1_49' title='bbox 248 1415 350 1464; x_wconf 85' lang='lat' dir='ltr'><strong>nauibus</strong></span> <span class='ocrx_word' id='word_1_50' title='bbox 379 1414 473 1466; x_wconf 83' lang='lat' dir='ltr'><strong>aditur.</strong></span> <span class='ocrx_word' id='word_1_51' title='bbox 501 1415 616 1467; x_wconf 86' lang='lat' dir='ltr'><strong>Oceanus</strong></span> <span class='ocrx_word' id='word_1_52' title='bbox 632 1417 731 1482; x_wconf 88' lang='lat' dir='ltr'><strong>proprie</strong></span> <span class='ocrx_word' id='word_1_53' title='bbox 747 1431 799 1466; x_wconf 86' lang='lat' dir='ltr'><strong>non</strong></span> 
     </span>
     <span class='ocr_line' id='line_1_10' title="bbox 248 1495 799 1561; baseline 0.005 -18"><span class='ocrx_word' id='word_1_54' title='bbox 248 1502 344 1558; x_wconf 83' lang='lat' dir='ltr'><strong>poterat</strong></span> <span class='ocrx_word' id='word_1_55' title='bbox 360 1497 444 1545; x_wconf 80' lang='lat' dir='ltr'><strong>vocari</strong></span> <span class='ocrx_word' id='word_1_56' title='bbox 461 1495 564 1556; x_wconf 80' lang='lat' dir='ltr'><strong>diuisus,</strong></span> <span class='ocrx_word' id='word_1_57' title='bbox 581 1506 723 1561; x_wconf 90' lang='lat' dir='ltr'><strong>separatus.</strong></span> <span class='ocrx_word' id='word_1_58' title='bbox 742 1498 799 1561; x_wconf 85' lang='lat' dir='ltr'><strong>Ipse</strong></span> 
     </span>
     <span class='ocr_line' id='line_1_11' title="bbox 250 1575 799 1642; baseline 0.009 -19"><span class='ocrx_word' id='word_1_59' title='bbox 250 1575 340 1626; x_wconf 81' lang='lat' dir='ltr'><strong>dividit</strong></span> <span class='ocrx_word' id='word_1_60' title='bbox 365 1577 479 1627; x_wconf 82' lang='lat' dir='ltr'><strong>nationes</strong></span> <span class='ocrx_word' id='word_1_61' title='bbox 504 1593 519 1627; x_wconf 98' lang='lat' dir='ltr'><strong>a</strong></span> <span class='ocrx_word' id='word_1_62' title='bbox 543 1579 695 1628; x_wconf 89' lang='lat' dir='ltr'><strong>nationibus.</strong></span> <span class='ocrx_word' id='word_1_63' title='bbox 730 1579 799 1642; x_wconf 82' lang='lat' dir='ltr'><strong>Ergo</strong></span> 
     </span>
     <span class='ocr_line' id='line_1_12' title="bbox 249 1657 799 1724; baseline 0.007 -20"><span class='ocrx_word' id='word_1_64' title='bbox 249 1664 277 1704; x_wconf 89' lang='lat' dir='ltr'><strong>ut</strong></span> <span class='ocrx_word' id='word_1_65' title='bbox 293 1657 330 1706; x_wconf 89' lang='lat' dir='ltr'><strong>sic</strong></span> <span class='ocrx_word' id='word_1_66' title='bbox 347 1657 460 1708; x_wconf 80' lang='lat' dir='ltr'><strong><em>dixerim.</em></strong></span> <span class='ocrx_word' id='word_1_67' title='bbox 488 1660 522 1709; x_wconf 81' lang='lat' dir='ltr'><strong>m</strong></span> <span class='ocrx_word' id='word_1_68' title='bbox 538 1661 680 1724; x_wconf 77' lang='lat' dir='ltr'><strong>agnoscitur</strong></span> <span class='ocrx_word' id='word_1_69' title='bbox 711 1660 799 1724; x_wconf 89' lang='lat' dir='ltr'><strong>Virgi-</strong></span> 
     </span>
     <span class='ocr_line' id='line_1_13' title="bbox 246 1737 798 1804; baseline 0.005 -17"><span class='ocrx_word' id='word_1_70' title='bbox 246 1737 354 1788; x_wconf 86' lang='lat' dir='ltr'><strong>liauum:</strong></span> <span class='ocrx_word' id='word_1_71' title='bbox 369 1739 471 1804; x_wconf 87' lang='lat' dir='ltr'><strong>penitus</strong></span> <span class='ocrx_word' id='word_1_72' title='bbox 488 1748 538 1789; x_wconf 87' lang='lat' dir='ltr'><strong>toto</strong></span> <span class='ocrx_word' id='word_1_73' title='bbox 555 1739 647 1790; x_wconf 83' lang='lat' dir='ltr'><strong>diuisos</strong></span> <span class='ocrx_word' id='word_1_74' title='bbox 664 1741 720 1790; x_wconf 85' lang='lat' dir='ltr'><strong>orbe</strong></span> <span class='ocrx_word' id='word_1_75' title='bbox 736 1739 798 1790; x_wconf 85' lang='lat' dir='ltr'><strong>Bri-</strong></span> 
     </span>
    </p>
   </div>
   <div class='ocr_carea' id='block_1_4' title="bbox 176 1824 343 1868">
    <p class='ocr_par' dir='ltr' id='par_1_4' title="bbox 176 1824 343 1868">
     <span class='ocr_line' id='line_1_14' title="bbox 176 1824 343 1868; baseline 0.012 -2"><span class='ocrx_word' id='word_1_76' title='bbox 176 1824 183 1840; x_wconf 74' lang='lat'>⁸</span> <span class='ocrx_word' id='word_1_77' title='bbox 248 1827 343 1868; x_wconf 87' lang='lat' dir='ltr'><strong>tannes.</strong></span> 
     </span>
    </p>
   </div>
   <div class='ocr_carea' id='block_1_5' title="bbox 243 1898 798 4498">
    <p class='ocr_par' dir='ltr' id='par_1_5' title="bbox 243 1898 798 2782">
     <span class='ocr_line' id='line_1_15' title="bbox 257 1898 796 1968; baseline 0.009 -20"><span class='ocrx_word' id='word_1_78' title='bbox 257 1961 260 1968; x_wconf 27' lang='lat'><strong><em>¹</em></strong></span> <span class='ocrx_word' id='word_1_79' title='bbox 279 1898 339 1950; x_wconf 87' lang='lat' dir='ltr'><strong>Non</strong></span> <span class='ocrx_word' id='word_1_80' title='bbox 355 1901 423 1951; x_wconf 80' lang='lat' dir='ltr'><strong>modo</strong></span> <span class='ocrx_word' id='word_1_81' title='bbox 440 1901 554 1953; x_wconf 83' lang='lat' dir='ltr'><strong>aliorum.</strong></span> <span class='ocrx_word' id='word_1_82' title='bbox 576 1903 628 1965; x_wconf 87' lang='lat' dir='ltr'><strong>Qui</strong></span> <span class='ocrx_word' id='word_1_83' title='bbox 644 1918 711 1952; x_wconf 87' lang='lat' dir='ltr'><strong>nnnc</strong></span> <span class='ocrx_word' id='word_1_84' title='bbox 728 1904 796 1968; x_wconf 89' lang='lat' dir='ltr'><strong>inge·</strong></span> 
     </span>
     <span class='ocr_line' id='line_1_16' title="bbox 246 1984 798 2050; baseline 0.002 -19"><span class='ocrx_word' id='word_1_85' title='bbox 246 1984 289 2032; x_wconf 85' lang='lat' dir='ltr'><strong>nia</strong></span> <span class='ocrx_word' id='word_1_86' title='bbox 311 1990 336 2034; x_wconf 88' lang='lat' dir='ltr'><strong>et</strong></span> <span class='ocrx_word' id='word_1_87' title='bbox 352 1985 434 2034; x_wconf 88' lang='lat' dir='ltr'><strong>studia</strong></span> <span class='ocrx_word' id='word_1_88' title='bbox 446 1999 564 2036; x_wconf 86' lang='lat' dir='ltr'><strong>revocure</strong></span> <span class='ocrx_word' id='word_1_89' title='bbox 580 1991 693 2050; x_wconf 84' lang='lat' dir='ltr'><strong>possent,</strong></span> <span class='ocrx_word' id='word_1_90' title='bbox 711 1985 738 2033; x_wconf 92' lang='lat' dir='ltr'><strong>hi</strong></span> <span class='ocrx_word' id='word_1_91' title='bbox 753 1997 798 2047; x_wconf 88' lang='lat' dir='ltr'><strong>por</strong></span> 
     </span>
     <span class='ocr_line' id='line_1_17' title="bbox 244 2066 796 2132; baseline 0.004 -18"><span class='ocrx_word' id='word_1_92' title='bbox 244 2066 388 2132; x_wconf 87' lang='lat' dir='ltr'><strong>quindecim</strong></span> <span class='ocrx_word' id='word_1_93' title='bbox 425 2081 504 2116; x_wconf 78' lang='lat' dir='ltr'><strong>annos</strong></span> <span class='ocrx_word' id='word_1_94' title='bbox 535 2068 674 2116; x_wconf 84' lang='lat' dir='ltr'><strong>maximam</strong></span> <span class='ocrx_word' id='word_1_95' title='bbox 699 2073 796 2130; x_wconf 86' lang='lat' dir='ltr'><strong>partem</strong></span> 
     </span>
     <span class='ocr_line' id='line_1_18' title="bbox 244 2149 796 2212; baseline 0.004 -16"><span class='ocrx_word' id='word_1_96' title='bbox 244 2149 430 2197; x_wconf 87' lang='lat' dir='ltr'><strong>interciderunt.</strong></span> <span class='ocrx_word' id='word_1_97' title='bbox 456 2149 535 2198; x_wconf 86' lang='lat' dir='ltr'><strong>Pauci</strong></span> <span class='ocrx_word' id='word_1_98' title='bbox 552 2150 694 2212; x_wconf 77' lang='lat' dir='ltr'>superstites</span> <span class='ocrx_word' id='word_1_99' title='bbox 711 2164 796 2198; x_wconf 90' lang='lat' dir='ltr'><strong>sumus</strong></span> 
     </span>
     <span class='ocr_line' id='line_1_19' title="bbox 244 2227 795 2294; baseline 0.004 -18"><span class='ocrx_word' id='word_1_100' title='bbox 244 2227 358 2278; x_wconf 83' lang='lat' dir='ltr'><strong>aliorum.</strong></span> <span class='ocrx_word' id='word_1_101' title='bbox 386 2229 517 2280; x_wconf 74' lang='lat' dir='ltr'><strong>Sententia</strong></span> <span class='ocrx_word' id='word_1_102' title='bbox 541 2233 619 2294; x_wconf 89' lang='lat' dir='ltr'><strong>poscit</strong></span> <span class='ocrx_word' id='word_1_103' title='bbox 635 2230 740 2279; x_wconf 80' lang='lat' dir='ltr'><strong>illorum.</strong></span> <span class='ocrx_word' id='word_1_104' title='bbox 763 2231 795 2279; x_wconf 92' lang='lat' dir='ltr'><strong>In</strong></span> 
     </span>
     <span class='ocr_line' id='line_1_20' title="bbox 244 2307 795 2374; baseline 0.004 -18"><span class='ocrx_word' id='word_1_105' title='bbox 244 2307 304 2358; x_wconf 82' lang='lat' dir='ltr'><strong>aliis</strong></span> <span class='ocrx_word' id='word_1_106' title='bbox 320 2309 460 2374; x_wconf 76' lang='lat' dir='ltr'><strong>cogitantur</strong></span> <span class='ocrx_word' id='word_1_107' title='bbox 476 2311 518 2360; x_wconf 81' lang='lat' dir='ltr'><strong>vel</strong></span> <span class='ocrx_word' id='word_1_108' title='bbox 534 2325 621 2360; x_wconf 89' lang='lat' dir='ltr'><strong>omnes</strong></span> <span class='ocrx_word' id='word_1_109' title='bbox 635 2310 795 2359; x_wconf 87' lang='lat' dir='ltr'><strong>omninoRo-</strong></span> 
     </span>
     <span class='ocr_line' id='line_1_21' title="bbox 243 2392 795 2458; baseline 0.004 -20"><span class='ocrx_word' id='word_1_110' title='bbox 243 2393 326 2451; x_wconf 88' lang='lat' dir='ltr'><strong>mani,</strong></span> <span class='ocrx_word' id='word_1_111' title='bbox 351 2393 395 2458; x_wconf 90' lang='lat' dir='ltr'><strong>qui</strong></span> <span class='ocrx_word' id='word_1_112' title='bbox 416 2392 511 2442; x_wconf 86' lang='lat' dir='ltr'><strong>interes</strong></span> <span class='ocrx_word' id='word_1_113' title='bbox 527 2393 718 2451; x_wconf 80' lang='lat' dir='ltr'><strong>interciderunt,</strong></span> <span class='ocrx_word' id='word_1_114' title='bbox 736 2405 795 2455; x_wconf 88' lang='lat' dir='ltr'><strong>ergo</strong></span> 
     </span>
     <span class='ocr_line' id='line_1_22' title="bbox 244 2473 795 2538; baseline -0.002 -16"><span class='ocrx_word' id='word_1_115' title='bbox 244 2481 270 2522; x_wconf 88' lang='lat' dir='ltr'><strong>ot</strong></span> <span class='ocrx_word' id='word_1_116' title='bbox 295 2474 327 2522; x_wconf 86' lang='lat' dir='ltr'><strong>ab</strong></span> <span class='ocrx_word' id='word_1_117' title='bbox 351 2473 453 2536; x_wconf 85' lang='lat' dir='ltr'><strong>ingenio</strong></span> <span class='ocrx_word' id='word_1_118' title='bbox 478 2474 613 2538; x_wconf 88' lang='lat' dir='ltr'><strong>studiisque</strong></span> <span class='ocrx_word' id='word_1_119' title='bbox 635 2474 738 2524; x_wconf 86' lang='lat' dir='ltr'><strong>minime</strong></span> <span class='ocrx_word' id='word_1_120' title='bbox 754 2487 795 2536; x_wconf 85' lang='lat' dir='ltr'><strong>pe·</strong></span> 
     </span>
     <span class='ocr_line' id='line_1_23' title="bbox 245 2554 795 2621; baseline 0.004 -17"><span class='ocrx_word' id='word_1_121' title='bbox 245 2556 306 2614; x_wconf 87' lang='lat' dir='ltr'><strong>rati,</strong></span> <span class='ocrx_word' id='word_1_122' title='bbox 331 2556 373 2605; x_wconf 82' lang='lat' dir='ltr'><strong>vel</strong></span> <span class='ocrx_word' id='word_1_123' title='bbox 397 2554 457 2614; x_wconf 87' lang='lat' dir='ltr'><strong>alii,</strong></span> <span class='ocrx_word' id='word_1_124' title='bbox 482 2570 557 2619; x_wconf 91' lang='lat' dir='ltr'><strong>qusm</strong></span> <span class='ocrx_word' id='word_1_125' title='bbox 573 2557 710 2621; x_wconf 91' lang='lat' dir='ltr'><strong>dequibus</strong></span> <span class='ocrx_word' id='word_1_126' title='bbox 727 2557 795 2606; x_wconf 85' lang='lat' dir='ltr'><strong>dixe·</strong></span> 
     </span>
     <span class='ocr_line' id='line_1_24' title="bbox 246 2636 795 2702; baseline 0.004 -16"><span class='ocrx_word' id='word_1_127' title='bbox 246 2643 297 2695; x_wconf 86' lang='lat' dir='ltr'><strong>rot,</strong></span> <span class='ocrx_word' id='word_1_128' title='bbox 314 2637 358 2699; x_wconf 87' lang='lat' dir='ltr'><strong>qui</strong></span> <span class='ocrx_word' id='word_1_129' title='bbox 375 2649 453 2700; x_wconf 84' lang='lat' dir='ltr'><strong>aequo</strong></span> <span class='ocrx_word' id='word_1_130' title='bbox 470 2636 576 2686; x_wconf 78' lang='lat' dir='ltr'><strong>fluissent</strong></span> <span class='ocrx_word' id='word_1_131' title='bbox 592 2638 709 2702; x_wconf 87' lang='lat' dir='ltr'><strong>prompti.</strong></span> <span class='ocrx_word' id='word_1_132' title='bbox 727 2638 795 2688; x_wconf 85' lang='lat' dir='ltr'><strong>Neu·</strong></span> 
     </span>
     <span class='ocr_line' id='line_1_25' title="bbox 247 2718 522 2782; baseline -0.007 -14"><span class='ocrx_word' id='word_1_133' title='bbox 247 2725 313 2768; x_wconf 82' lang='lat' dir='ltr'><strong>uum</strong></span> <span class='ocrx_word' id='word_1_134' title='bbox 329 2718 384 2767; x_wconf 91' lang='lat' dir='ltr'><strong>looo</strong></span> <span class='ocrx_word' id='word_1_135' title='bbox 400 2719 522 2782; x_wconf 81' lang='lat' dir='ltr'><strong>congruit.</strong></span> 
     </span>
    </p>

    <p class='ocr_par' dir='ltr' id='par_1_6' title="bbox 245 2797 798 4498">
     <span class='ocr_line' id='line_1_26' title="bbox 281 2797 794 2865; baseline -0.002 -17"><span class='ocrx_word' id='word_1_136' title='bbox 281 2797 333 2848; x_wconf 79' lang='lat' dir='ltr'><strong>Sed</strong></span> <span class='ocrx_word' id='word_1_137' title='bbox 350 2800 424 2850; x_wconf 89' lang='lat' dir='ltr'><strong>etiam</strong></span> <span class='ocrx_word' id='word_1_138' title='bbox 445 2800 524 2849; x_wconf 79' lang='lat' dir='ltr'><strong>nostri</strong></span> <span class='ocrx_word' id='word_1_139' title='bbox 541 2801 688 2865; x_wconf 82' lang='lat' dir='ltr'><strong>superstites</strong></span> <span class='ocrx_word' id='word_1_140' title='bbox 705 2815 794 2850; x_wconf 87' lang='lat' dir='ltr'><strong>sumus.</strong></span> 
     </span>
     <span class='ocr_line' id='line_1_27' title="bbox 248 2880 796 2947; baseline 0.004 -17"><span class='ocrx_word' id='word_1_141' title='bbox 248 2880 349 2945; x_wconf 64' lang='lat' dir='ltr'><strong>Alilais</strong></span> <span class='ocrx_word' id='word_1_142' title='bbox 378 2881 431 2940; x_wconf 89' lang='lat' dir='ltr'><strong>sui,</strong></span> <span class='ocrx_word' id='word_1_143' title='bbox 462 2881 510 2932; x_wconf 86' lang='lat' dir='ltr'><strong>sibi</strong></span> <span class='ocrx_word' id='word_1_144' title='bbox 533 2890 673 2946; x_wconf 86' lang='lat' dir='ltr'><strong>superstes,</strong></span> <span class='ocrx_word' id='word_1_145' title='bbox 697 2883 796 2947; x_wconf 90' lang='lat' dir='ltr'><strong>proprio</strong></span> 
     </span>
     <span class='ocr_line' id='line_1_28' title="bbox 245 2963 797 3027; baseline 0.004 -15"><span class='ocrx_word' id='word_1_146' title='bbox 245 2964 321 3024; x_wconf 74' lang='lat' dir='ltr'><strong>vivit,</strong></span> <span class='ocrx_word' id='word_1_147' title='bbox 347 2963 383 3014; x_wconf 91' lang='lat' dir='ltr'><strong>sie</strong></span> <span class='ocrx_word' id='word_1_148' title='bbox 407 2969 504 3023; x_wconf 89' lang='lat' dir='ltr'><strong>tamea,</strong></span> <span class='ocrx_word' id='word_1_149' title='bbox 529 2969 557 3012; x_wconf 87' lang='lat' dir='ltr'><strong>ot</strong></span> <span class='ocrx_word' id='word_1_150' title='bbox 582 2964 627 3013; x_wconf 83' lang='lat' dir='ltr'><strong>vix</strong></span> <span class='ocrx_word' id='word_1_151' title='bbox 648 2964 698 3014; x_wconf 88' lang='lat' dir='ltr'><strong>dici</strong></span> <span class='ocrx_word' id='word_1_152' title='bbox 719 2965 797 3027; x_wconf 88' lang='lat' dir='ltr'><strong>possit</strong></span> 
     </span>
     <span class='ocr_line' id='line_1_29' title="bbox 245 3044 796 3105; baseline 0.005 -12"><span class='ocrx_word' id='word_1_153' title='bbox 245 3045 340 3105; x_wconf 84' lang='lat' dir='ltr'><strong>uiuere,</strong></span> <span class='ocrx_word' id='word_1_154' title='bbox 362 3045 451 3096; x_wconf 78' lang='lat' dir='ltr'><strong>similis</strong></span> <span class='ocrx_word' id='word_1_155' title='bbox 472 3046 571 3098; x_wconf 88' lang='lat' dir='ltr'><strong>sitiam</strong></span> <span class='ocrx_word' id='word_1_156' title='bbox 587 3053 693 3096; x_wconf 88' lang='lat' dir='ltr'><strong>mortuo.</strong></span> <span class='ocrx_word' id='word_1_157' title='bbox 713 3044 796 3096; x_wconf 85' lang='lat' dir='ltr'><strong>Omne</strong></span> 
     </span>
     <span class='ocr_line' id='line_1_30' title="bbox 246 3126 797 3192; baseline -0.005 -16"><span class='ocrx_word' id='word_1_158' title='bbox 246 3128 322 3176; x_wconf 88' lang='lat' dir='ltr'><strong>robur</strong></span> <span class='ocrx_word' id='word_1_159' title='bbox 347 3128 425 3178; x_wconf 84' lang='lat' dir='ltr'><strong>animi</strong></span> <span class='ocrx_word' id='word_1_160' title='bbox 450 3135 475 3178; x_wconf 88' lang='lat' dir='ltr'><strong>et</strong></span> <span class='ocrx_word' id='word_1_161' title='bbox 499 3129 608 3192; x_wconf 88' lang='lat' dir='ltr'><strong>eorporis</strong></span> <span class='ocrx_word' id='word_1_162' title='bbox 623 3128 704 3191; x_wconf 84' lang='lat' dir='ltr'><strong>periit.</strong></span> <span class='ocrx_word' id='word_1_163' title='bbox 724 3126 797 3174; x_wconf 83' lang='lat' dir='ltr'><strong>Lusit</strong></span> 
     </span>
     <span class='ocr_line' id='line_1_31' title="bbox 246 3207 797 3272; baseline 0.002 -16"><span class='ocrx_word' id='word_1_164' title='bbox 246 3209 273 3256; x_wconf 90' lang='lat' dir='ltr'><strong>iu</strong></span> <span class='ocrx_word' id='word_1_165' title='bbox 295 3221 339 3268; x_wconf 90' lang='lat' dir='ltr'><strong>eo,</strong></span> <span class='ocrx_word' id='word_1_166' title='bbox 355 3214 383 3257; x_wconf 89' lang='lat' dir='ltr'><strong>ut</strong></span> <span class='ocrx_word' id='word_1_167' title='bbox 400 3209 475 3268; x_wconf 88' lang='lat' dir='ltr'><strong>solet,</strong></span> <span class='ocrx_word' id='word_1_168' title='bbox 494 3207 590 3259; x_wconf 84' lang='lat' dir='ltr'><strong>Seneca</strong></span> <span class='ocrx_word' id='word_1_169' title='bbox 606 3210 686 3272; x_wconf 78' lang='lat' dir='ltr'><strong>Epist.</strong></span> <span class='ocrx_word' id='word_1_170' title='bbox 704 3213 748 3266; x_wconf 85' lang='lat'><strong>30,</strong></span> <span class='ocrx_word' id='word_1_171' title='bbox 766 3208 797 3257; x_wconf 88' lang='lat' dir='ltr'><strong>de</strong></span> 
     </span>
     <span class='ocr_line' id='line_1_32' title="bbox 246 3286 797 3347; baseline -0.007 -7"><span class='ocrx_word' id='word_1_172' title='bbox 246 3302 318 3347; x_wconf 84' lang='lat' dir='ltr'><strong>seue,</strong></span> <span class='ocrx_word' id='word_1_173' title='bbox 343 3290 437 3338; x_wconf 81' lang='lat' dir='ltr'><strong>uiorbis</strong></span> <span class='ocrx_word' id='word_1_174' title='bbox 456 3295 481 3338; x_wconf 87' lang='lat' dir='ltr'><strong>et</strong></span> <span class='ocrx_word' id='word_1_175' title='bbox 497 3297 577 3340; x_wconf 80' lang='lat' dir='ltr'><strong>aetate</strong></span> <span class='ocrx_word' id='word_1_176' title='bbox 593 3286 797 3338; x_wconf 66' lang='lat' dir='ltr'><strong>contectocBas·</strong></span> 
     </span>
     <span class='ocr_line' id='line_1_33' title="bbox 246 3369 798 3436; baseline -0.004 -16"><span class='ocrx_word' id='word_1_177' title='bbox 246 3386 288 3420; x_wconf 83' lang='lat' dir='ltr'><strong>sus</strong></span> <span class='ocrx_word' id='word_1_178' title='bbox 310 3378 392 3419; x_wconf 88' lang='lat' dir='ltr'><strong>noster</strong></span> <span class='ocrx_word' id='word_1_179' title='bbox 408 3369 506 3420; x_wconf 84' lang='lat' dir='ltr'><strong>uidetur</strong></span> <span class='ocrx_word' id='word_1_180' title='bbox 522 3369 582 3420; x_wconf 82' lang='lat' dir='ltr'><strong>milri</strong></span> <span class='ocrx_word' id='word_1_181' title='bbox 594 3370 715 3436; x_wconf 81' lang='lat' dir='ltr'><strong>prosequi</strong></span> <span class='ocrx_word' id='word_1_182' title='bbox 731 3385 757 3419; x_wconf 87' lang='lat' dir='ltr'><strong>se</strong></span> <span class='ocrx_word' id='word_1_183' title='bbox 774 3378 798 3418; x_wconf 89' lang='lat' dir='ltr'><strong>et</strong></span> 
     </span>
     <span class='ocr_line' id='line_1_34' title="bbox 245 3453 797 3517; baseline -0.002 -17"><span class='ocrx_word' id='word_1_184' title='bbox 245 3467 394 3516; x_wconf 87' lang='lat' dir='ltr'><strong>componere,</strong></span> <span class='ocrx_word' id='word_1_185' title='bbox 412 3462 436 3501; x_wconf 88' lang='lat' dir='ltr'><strong>et</strong></span> <span class='ocrx_word' id='word_1_186' title='bbox 451 3453 533 3504; x_wconf 87' lang='lat' dir='ltr'><strong>viuere</strong></span> <span class='ocrx_word' id='word_1_187' title='bbox 543 3460 659 3517; x_wconf 80' lang='lat' dir='ltr'><strong>tanquam</strong></span> <span class='ocrx_word' id='word_1_188' title='bbox 672 3460 797 3517; x_wconf 88' lang='lat' dir='ltr'><strong>superstes</strong></span> 
     </span>
     <span class='ocr_line' id='line_1_35' title="bbox 246 3532 797 3595; baseline 0.007 -15"><span class='ocrx_word' id='word_1_189' title='bbox 246 3533 301 3582; x_wconf 82' lang='lat' dir='ltr'><strong>sibi.</strong></span> <span class='ocrx_word' id='word_1_190' title='bbox 320 3532 452 3584; x_wconf 81' lang='lat' dir='ltr'><strong>Claudiani.</strong></span> <span class='ocrx_word' id='word_1_191' title='bbox 469 3536 502 3586; x_wconf 86' lang='lat' dir='ltr'><strong>de</strong></span> <span class='ocrx_word' id='word_1_192' title='bbox 518 3536 561 3584; x_wconf 92' lang='lat' dir='ltr'><strong>IV</strong></span> <span class='ocrx_word' id='word_1_193' title='bbox 579 3534 655 3584; x_wconf 87' lang='lat' dir='ltr'><strong>Cous.</strong></span> <span class='ocrx_word' id='word_1_194' title='bbox 673 3535 797 3595; x_wconf 90' lang='lat' dir='ltr'><strong>Honorii,</strong></span> 
     </span>
     <span class='ocr_line' id='line_1_36' title="bbox 246 3612 798 3681; baseline 0.004 -19"><span class='ocrx_word' id='word_1_195' title='bbox 246 3616 304 3662; x_wconf 78' lang='lat'><strong>474.</strong></span> <span class='ocrx_word' id='word_1_196' title='bbox 333 3612 411 3672; x_wconf 87' lang='lat' dir='ltr'><strong>Gens,</strong></span> <span class='ocrx_word' id='word_1_197' title='bbox 438 3631 488 3678; x_wconf 81' lang='lat' dir='ltr'><strong>qua</strong></span> <span class='ocrx_word' id='word_1_198' title='bbox 513 3631 558 3664; x_wconf 88' lang='lat' dir='ltr'><strong>non</strong></span> <span class='ocrx_word' id='word_1_199' title='bbox 576 3613 704 3680; x_wconf 75' lang='lat' dir='ltr'><strong>Scythicos</strong></span> <span class='ocrx_word' id='word_1_200' title='bbox 721 3615 798 3681; x_wconf 85' lang='lat' dir='ltr'><strong>diffu-</strong></span> 
     </span>
     <span class='ocr_line' id='line_1_37' title="bbox 245 3692 798 3762; baseline 0.009 -19"><span class='ocrx_word' id='word_1_201' title='bbox 245 3693 296 3744; x_wconf 82' lang='lat' dir='ltr'><strong>sior</strong></span> <span class='ocrx_word' id='word_1_202' title='bbox 313 3693 366 3744; x_wconf 84' lang='lat' dir='ltr'><strong>uilo</strong></span> <span class='ocrx_word' id='word_1_203' title='bbox 388 3692 492 3746; x_wconf 81' lang='lat' dir='ltr'><strong>Triones</strong></span> <span class='ocrx_word' id='word_1_204' title='bbox 518 3693 643 3756; x_wconf 83' lang='lat' dir='ltr'><strong>Incoiuit,</strong></span> <span class='ocrx_word' id='word_1_205' title='bbox 658 3713 706 3762; x_wconf 90' lang='lat' dir='ltr'><strong>per</strong></span> <span class='ocrx_word' id='word_1_206' title='bbox 724 3706 748 3746; x_wconf 89' lang='lat' dir='ltr'><strong>te</strong></span> <span class='ocrx_word' id='word_1_207' title='bbox 763 3698 798 3748; x_wconf 87' lang='lat' dir='ltr'><strong>oi·</strong></span> 
     </span>
     <span class='ocr_line' id='line_1_38' title="bbox 245 3774 798 3842; baseline 0.007 -18"><span class='ocrx_word' id='word_1_208' title='bbox 245 3791 334 3839; x_wconf 85' lang='lat' dir='ltr'><strong>resque</strong></span> <span class='ocrx_word' id='word_1_209' title='bbox 351 3784 446 3826; x_wconf 88' lang='lat' dir='ltr'><strong>tuorum</strong></span> <span class='ocrx_word' id='word_1_210' title='bbox 462 3774 561 3828; x_wconf 81' lang='lat' dir='ltr'><strong>Fracta</strong></span> <span class='ocrx_word' id='word_1_211' title='bbox 577 3776 798 3842; x_wconf 70' lang='lat' dir='ltr'><strong>dommtuperqm</strong></span> 
     </span>
     <span class='ocr_line' id='line_1_39' title="bbox 246 3858 798 3924; baseline 0.005 -17"><span class='ocrx_word' id='word_1_212' title='bbox 246 3858 310 3918; x_wconf 86' lang='lat' dir='ltr'><strong>sibi,</strong></span> <span class='ocrx_word' id='word_1_213' title='bbox 335 3858 385 3908; x_wconf 91' lang='lat' dir='ltr'><strong>iam</strong></span> <span class='ocrx_word' id='word_1_214' title='bbox 409 3873 486 3919; x_wconf 90' lang='lat' dir='ltr'><strong>rara,</strong></span> <span class='ocrx_word' id='word_1_215' title='bbox 511 3868 645 3924; x_wconf 87' lang='lat' dir='ltr'><strong>superstes.</strong></span> <span class='ocrx_word' id='word_1_216' title='bbox 663 3860 798 3921; x_wconf 79' lang='lat' dir='ltr'><strong>Laberius,</strong></span> 
     </span>
     <span class='ocr_line' id='line_1_40' title="bbox 246 3940 798 4006; baseline 0.005 -17"><span class='ocrx_word' id='word_1_217' title='bbox 246 3941 311 4006; x_wconf 87' lang='lat' dir='ltr'><strong>opud</strong></span> <span class='ocrx_word' id='word_1_218' title='bbox 337 3940 507 4001; x_wconf 86' lang='lat' dir='ltr'><strong>Macrobium,</strong></span> <span class='ocrx_word' id='word_1_219' title='bbox 525 3955 552 3992; x_wconf 88' lang='lat' dir='ltr'><strong>se</strong></span> <span class='ocrx_word' id='word_1_220' title='bbox 567 3955 618 3990; x_wconf 90' lang='lat' dir='ltr'><strong>uno</strong></span> <span class='ocrx_word' id='word_1_221' title='bbox 634 3941 675 3992; x_wconf 86' lang='lat' dir='ltr'><strong>die</strong></span> <span class='ocrx_word' id='word_1_222' title='bbox 691 3942 746 4004; x_wconf 91' lang='lat' dir='ltr'><strong>plus</strong></span> <span class='ocrx_word' id='word_1_223' title='bbox 762 3943 798 3992; x_wconf 79' lang='lat' dir='ltr'><strong>ri·</strong></span> 
     </span>
     <span class='ocr_line' id='line_1_41' title="bbox 245 4022 797 4088; baseline 0.004 -16"><span class='ocrx_word' id='word_1_224' title='bbox 245 4023 313 4074; x_wconf 87' lang='lat' dir='ltr'><strong>xisse</strong></span> <span class='ocrx_word' id='word_1_225' title='bbox 337 4023 461 4088; x_wconf 87' lang='lat' dir='ltr'><strong>queritur,</strong></span> <span class='ocrx_word' id='word_1_226' title='bbox 486 4035 562 4085; x_wconf 91' lang='lat' dir='ltr'><strong>quam</strong></span> <span class='ocrx_word' id='word_1_227' title='bbox 574 4023 721 4072; x_wconf 41' lang='lat' dir='ltr'><strong>*vivendum</strong></span> <span class='ocrx_word' id='word_1_228' title='bbox 738 4022 797 4083; x_wconf 83' lang='lat' dir='ltr'><strong>fuit,</strong></span> 
     </span>
     <span class='ocr_line' id='line_1_42' title="bbox 245 4102 798 4172; baseline 0.002 -18"><span class='ocrx_word' id='word_1_229' title='bbox 245 4103 355 4172; x_wconf 82' lang='lat' dir='ltr'><strong>sepulcri</strong></span> <span class='ocrx_word' id='word_1_230' title='bbox 378 4103 479 4163; x_wconf 80' lang='lat' dir='ltr'><strong>similis,</strong></span> <span class='ocrx_word' id='word_1_231' title='bbox 504 4102 541 4154; x_wconf 81' lang='lat' dir='ltr'><strong>nii</strong></span> <span class='ocrx_word' id='word_1_232' title='bbox 563 4103 613 4154; x_wconf 84' lang='lat' dir='ltr'><strong>nisi</strong></span> <span class='ocrx_word' id='word_1_233' title='bbox 636 4120 719 4154; x_wconf 87' lang='lat' dir='ltr'><strong>nomen</strong></span> <span class='ocrx_word' id='word_1_234' title='bbox 739 4105 798 4155; x_wconf 90' lang='lat' dir='ltr'><strong>reti-</strong></span> 
     </span>
     <span class='ocr_line' id='line_1_43' title="bbox 245 4185 797 4252; baseline 0.004 -18"><span class='ocrx_word' id='word_1_235' title='bbox 245 4203 297 4237; x_wconf 87' lang='lat' dir='ltr'><strong>neo.</strong></span> <span class='ocrx_word' id='word_1_236' title='bbox 315 4187 356 4236; x_wconf 86' lang='lat' dir='ltr'><strong>Ito</strong></span> <span class='ocrx_word' id='word_1_237' title='bbox 370 4185 481 4251; x_wconf 81' lang='lat' dir='ltr'><strong>pieriae,</strong></span> <span class='ocrx_word' id='word_1_238' title='bbox 498 4185 593 4252; x_wconf 81' lang='lat' dir='ltr'><strong>inperio</strong></span> <span class='ocrx_word' id='word_1_239' title='bbox 609 4193 731 4250; x_wconf 87' lang='lat' dir='ltr'><strong>superstes</strong></span> <span class='ocrx_word' id='word_1_240' title='bbox 739 4188 797 4236; x_wconf 89' lang='lat' dir='ltr'><strong>dici·</strong></span> 
     </span>
     <span class='ocr_line' id='line_1_44' title="bbox 246 4268 797 4334; baseline 0.005 -17"><span class='ocrx_word' id='word_1_241' title='bbox 246 4276 300 4327; x_wconf 88' lang='lat' dir='ltr'><strong>tur,</strong></span> <span class='ocrx_word' id='word_1_242' title='bbox 325 4269 369 4334; x_wconf 90' lang='lat' dir='ltr'><strong>qui</strong></span> <span class='ocrx_word' id='word_1_243' title='bbox 394 4269 517 4333; x_wconf 84' lang='lat' dir='ltr'><strong>gloriam,</strong></span> <span class='ocrx_word' id='word_1_244' title='bbox 535 4268 665 4332; x_wconf 83' lang='lat' dir='ltr'><strong>ingenium</strong></span> <span class='ocrx_word' id='word_1_245' title='bbox 681 4270 797 4332; x_wconf 89' lang='lat' dir='ltr'><strong>periisse,</strong></span> 
     </span>
     <span class='ocr_line' id='line_1_45' title="bbox 246 4351 796 4413; baseline 0.002 -15"><span class='ocrx_word' id='word_1_246' title='bbox 246 4351 318 4413; x_wconf 87' lang='lat' dir='ltr'><strong>quasi</strong></span> <span class='ocrx_word' id='word_1_247' title='bbox 342 4357 441 4401; x_wconf 88' lang='lat' dir='ltr'><strong>mortua</strong></span> <span class='ocrx_word' id='word_1_248' title='bbox 457 4365 527 4410; x_wconf 91' lang='lat' dir='ltr'><strong>esse,</strong></span> <span class='ocrx_word' id='word_1_249' title='bbox 544 4351 614 4400; x_wconf 81' lang='lat' dir='ltr'><strong>vidit.</strong></span> <span class='ocrx_word' id='word_1_250' title='bbox 639 4351 696 4401; x_wconf 88' lang='lat' dir='ltr'><strong>Liv.</strong></span> <span class='ocrx_word' id='word_1_251' title='bbox 715 4351 753 4401; x_wconf 90' lang='lat'><strong>11.</strong></span> <span class='ocrx_word' id='word_1_252' title='bbox 773 4354 796 4400; x_wconf 84' lang='lat'><strong>7.</strong></span> 
     </span>
     <span class='ocr_line' id='line_1_46' title="bbox 253 4427 798 4498; baseline 0 -18"><span class='ocrx_word' id='word_1_253' title='bbox 253 4429 342 4482; x_wconf 81' lang='lat' dir='ltr'><strong>Consul</strong></span> <span class='ocrx_word' id='word_1_254' title='bbox 350 4430 455 4482; x_wconf 73' lang='lat' dir='ltr'><strong>madore</strong></span> <span class='ocrx_word' id='word_1_255' title='bbox 458 4435 591 4498; x_wconf 84' lang='lat' dir='ltr'><strong>fortunam</strong></span> <span class='ocrx_word' id='word_1_256' title='bbox 602 4431 722 4495; x_wconf 78' lang='lat' dir='ltr'><strong>calleque,</strong></span> <span class='ocrx_word' id='word_1_257' title='bbox 732 4427 798 4495; x_wconf 84' lang='lat' dir='ltr'><strong>quod</strong></span> 
     </span>
    </p>
   </div>
   <div class='ocr_carea' id='block_1_6' title="bbox 840 1009 1401 4490">
    <p class='ocr_par' dir='ltr' id='par_1_7' title="bbox 840 1009 1401 2776">
     <span class='ocr_line' id='line_1_47' title="bbox 849 1009 1399 1082; baseline 0.011 -23"><span class='ocrx_word' id='word_1_258' title='bbox 849 1009 955 1059; x_wconf 84' lang='lat' dir='ltr'><strong>liberato</strong></span> <span class='ocrx_word' id='word_1_259' title='bbox 972 1011 1063 1076; x_wconf 88' lang='lat' dir='ltr'><strong>patria</strong></span> <span class='ocrx_word' id='word_1_260' title='bbox 1089 1013 1114 1062; x_wconf 88' lang='lat' dir='ltr'><strong>in</strong></span> <span class='ocrx_word' id='word_1_261' title='bbox 1139 1029 1227 1064; x_wconf 87' lang='lat' dir='ltr'><strong>summo</strong></span> <span class='ocrx_word' id='word_1_262' title='bbox 1244 1014 1334 1064; x_wconf 78' lang='lat' dir='ltr'><strong>bonore</strong></span> <span class='ocrx_word' id='word_1_263' title='bbox 1346 1034 1399 1082; x_wconf 88' lang='lat' dir='ltr'><strong>pro</strong></span> 
     </span>
     <span class='ocr_line' id='line_1_48' title="bbox 848 1091 1398 1160; baseline 0.015 -21"><span class='ocrx_word' id='word_1_264' title='bbox 848 1091 976 1157; x_wconf 79' lang='lat' dir='ltr'><strong>republica</strong></span> <span class='ocrx_word' id='word_1_265' title='bbox 992 1092 1123 1154; x_wconf 85' lang='lat' dir='ltr'><strong>dimicans,</strong></span> <span class='ocrx_word' id='word_1_266' title='bbox 1132 1103 1231 1145; x_wconf 85' lang='lat' dir='ltr'><strong>matura</strong></span> <span class='ocrx_word' id='word_1_267' title='bbox 1238 1095 1335 1160; x_wconf 82' lang='lat' dir='ltr'><strong>pierio,</strong></span> <span class='ocrx_word' id='word_1_268' title='bbox 1345 1113 1398 1146; x_wconf 87' lang='lat' dir='ltr'><strong>nec-</strong></span> 
     </span>
     <span class='ocr_line' id='line_1_49' title="bbox 848 1171 1400 1237; baseline 0.013 -17"><span class='ocrx_word' id='word_1_269' title='bbox 848 1171 903 1221; x_wconf 81' lang='lat' dir='ltr'><strong>dum</strong></span> <span class='ocrx_word' id='word_1_270' title='bbox 929 1181 969 1220; x_wconf 76' lang='lat' dir='ltr'><strong>se&#39;</strong></span> <span class='ocrx_word' id='word_1_271' title='bbox 979 1181 1087 1222; x_wconf 84' lang='lat' dir='ltr'><strong>vertente</strong></span> <span class='ocrx_word' id='word_1_272' title='bbox 1112 1174 1137 1224; x_wconf 89' lang='lat' dir='ltr'><strong>in</strong></span> <span class='ocrx_word' id='word_1_273' title='bbox 1153 1175 1283 1237; x_wconf 85' lang='lat' dir='ltr'><strong>inuidiam,</strong></span> <span class='ocrx_word' id='word_1_274' title='bbox 1298 1187 1400 1228; x_wconf 88' lang='lat' dir='ltr'><strong>mortem</strong></span> 
     </span>
     <span class='ocr_line' id='line_1_50' title="bbox 847 1254 1400 1322; baseline 0.013 -21"><span class='ocrx_word' id='word_1_275' title='bbox 847 1254 1010 1302; x_wconf 85' lang='lat' dir='ltr'><strong>occubuisset:</strong></span> <span class='ocrx_word' id='word_1_276' title='bbox 1029 1271 1055 1303; x_wconf 87' lang='lat' dir='ltr'><strong>se</strong></span> <span class='ocrx_word' id='word_1_277' title='bbox 1068 1257 1224 1322; x_wconf 86' lang='lat' dir='ltr'><strong>superstitem</strong></span> <span class='ocrx_word' id='word_1_278' title='bbox 1231 1255 1329 1322; x_wconf 80' lang='lat' dir='ltr'><strong>pieriae</strong></span> <span class='ocrx_word' id='word_1_279' title='bbox 1337 1275 1400 1308; x_wconf 86' lang='lat' dir='ltr'><strong>suae</strong></span> 
     </span>
     <span class='ocr_line' id='line_1_51' title="bbox 847 1333 1399 1406; baseline 0.016 -25"><span class='ocrx_word' id='word_1_280' title='bbox 847 1333 882 1382; x_wconf 84' lang='lat' dir='ltr'><strong>ad</strong></span> <span class='ocrx_word' id='word_1_281' title='bbox 905 1334 994 1383; x_wconf 86' lang='lat' dir='ltr'><strong>crimea</strong></span> <span class='ocrx_word' id='word_1_282' title='bbox 1019 1334 1100 1400; x_wconf 79' lang='lat' dir='ltr'><strong>orique</strong></span> <span class='ocrx_word' id='word_1_283' title='bbox 1125 1337 1243 1388; x_wconf 85' lang='lat' dir='ltr'><strong>iuvidiam</strong></span> <span class='ocrx_word' id='word_1_284' title='bbox 1259 1355 1399 1406; x_wconf 87' lang='lat' dir='ltr'><strong>superesse.</strong></span> 
     </span>
     <span class='ocr_line' id='line_1_52' title="bbox 847 1413 1400 1484; baseline 0.018 -21"><span class='ocrx_word' id='word_1_285' title='bbox 847 1413 944 1464; x_wconf 85' lang='lat' dir='ltr'><strong>Seneca</strong></span> <span class='ocrx_word' id='word_1_286' title='bbox 969 1415 1087 1466; x_wconf 87' lang='lat' dir='ltr'><strong>Controv.</strong></span> <span class='ocrx_word' id='word_1_287' title='bbox 1114 1418 1149 1466; x_wconf 90' lang='lat' dir='ltr'><strong>V.</strong></span> <span class='ocrx_word' id='word_1_288' title='bbox 1174 1421 1278 1484; x_wconf 85' lang='lat' dir='ltr'><strong>praefat.</strong></span> <span class='ocrx_word' id='word_1_289' title='bbox 1300 1423 1331 1472; x_wconf 88' lang='lat' dir='ltr'><strong>de</strong></span> <span class='ocrx_word' id='word_1_290' title='bbox 1350 1423 1400 1472; x_wconf 83' lang='lat' dir='ltr'><strong>La·</strong></span> 
     </span>
     <span class='ocr_line' id='line_1_53' title="bbox 845 1496 1401 1558; baseline 0.016 -13"><span class='ocrx_word' id='word_1_291' title='bbox 845 1496 933 1558; x_wconf 86' lang='lat' dir='ltr'><strong>bieno,</strong></span> <span class='ocrx_word' id='word_1_292' title='bbox 951 1498 1021 1546; x_wconf 85' lang='lat' dir='ltr'><strong>cuius</strong></span> <span class='ocrx_word' id='word_1_293' title='bbox 1037 1499 1095 1547; x_wconf 87' lang='lat' dir='ltr'><strong>libri</strong></span> <span class='ocrx_word' id='word_1_294' title='bbox 1112 1508 1182 1549; x_wconf 88' lang='lat' dir='ltr'><strong>erant</strong></span> <span class='ocrx_word' id='word_1_295' title='bbox 1199 1504 1334 1553; x_wconf 86' lang='lat' dir='ltr'><strong>combusti:</strong></span> <span class='ocrx_word' id='word_1_296' title='bbox 1353 1521 1401 1554; x_wconf 89' lang='lat' dir='ltr'><strong>non</strong></span> 
     </span>
     <span class='ocr_line' id='line_1_54' title="bbox 846 1576 1401 1650; baseline 0.02 -25"><span class='ocrx_word' id='word_1_297' title='bbox 846 1576 903 1626; x_wconf 88' lang='lat' dir='ltr'><strong>tulit</strong></span> <span class='ocrx_word' id='word_1_298' title='bbox 928 1577 989 1627; x_wconf 79' lang='lat' dir='ltr'><strong>tanc</strong></span> <span class='ocrx_word' id='word_1_299' title='bbox 1007 1580 1190 1642; x_wconf 85' lang='lat' dir='ltr'><strong>contumeliam,</strong></span> <span class='ocrx_word' id='word_1_300' title='bbox 1212 1598 1255 1632; x_wconf 89' lang='lat' dir='ltr'><strong>nec</strong></span> <span class='ocrx_word' id='word_1_301' title='bbox 1272 1595 1401 1650; x_wconf 84' lang='lat' dir='ltr'><strong>superstes</strong></span> 
     </span>
     <span class='ocr_line' id='line_1_55' title="bbox 844 1659 1401 1724; baseline 0.018 -18"><span class='ocrx_word' id='word_1_302' title='bbox 844 1673 897 1706; x_wconf 85' lang='lat' dir='ltr'><strong>esse</strong></span> <span class='ocrx_word' id='word_1_303' title='bbox 921 1659 1016 1724; x_wconf 77' lang='lat' dir='ltr'><strong>inperio</strong></span> <span class='ocrx_word' id='word_1_304' title='bbox 1042 1677 1084 1708; x_wconf 88' lang='lat' dir='ltr'><strong>suo</strong></span> <span class='ocrx_word' id='word_1_305' title='bbox 1109 1661 1194 1712; x_wconf 86' lang='lat' dir='ltr'><strong>voluit.</strong></span> <span class='ocrx_word' id='word_1_306' title='bbox 1222 1663 1319 1716; x_wconf 91' lang='lat' dir='ltr'><strong>Omitto</strong></span> <span class='ocrx_word' id='word_1_307' title='bbox 1336 1668 1401 1718; x_wconf 77' lang='lat' dir='ltr'><strong>elios</strong></span> 
     </span>
     <span class='ocr_line' id='line_1_56' title="bbox 844 1739 1400 1810; baseline 0.023 -24"><span class='ocrx_word' id='word_1_308' title='bbox 844 1739 871 1787; x_wconf 91' lang='lat' dir='ltr'><strong>in</strong></span> <span class='ocrx_word' id='word_1_309' title='bbox 895 1740 942 1788; x_wconf 89' lang='lat' dir='ltr'><strong>bac</strong></span> <span class='ocrx_word' id='word_1_310' title='bbox 963 1742 1044 1804; x_wconf 85' lang='lat' dir='ltr'><strong>figora</strong></span> <span class='ocrx_word' id='word_1_311' title='bbox 1059 1742 1143 1803; x_wconf 91' lang='lat' dir='ltr'><strong>lusus,</strong></span> <span class='ocrx_word' id='word_1_312' title='bbox 1161 1759 1223 1808; x_wconf 89' lang='lat' dir='ltr'><strong>quos</strong></span> <span class='ocrx_word' id='word_1_313' title='bbox 1240 1747 1345 1810; x_wconf 85' lang='lat' dir='ltr'><strong>attigere</strong></span> <span class='ocrx_word' id='word_1_314' title='bbox 1362 1749 1400 1798; x_wconf 86' lang='lat' dir='ltr'><strong>iu·</strong></span> 
     </span>
     <span class='ocr_line' id='line_1_57' title="bbox 843 1822 1399 1892; baseline 0.018 -23"><span class='ocrx_word' id='word_1_315' title='bbox 843 1827 963 1885; x_wconf 88' lang='lat' dir='ltr'><strong>terpretes</strong></span> <span class='ocrx_word' id='word_1_316' title='bbox 985 1823 1017 1871; x_wconf 86' lang='lat' dir='ltr'><strong>ad</strong></span> <span class='ocrx_word' id='word_1_317' title='bbox 1035 1822 1130 1887; x_wconf 81' lang='lat' dir='ltr'><strong>Appul.</strong></span> <span class='ocrx_word' id='word_1_318' title='bbox 1149 1825 1255 1875; x_wconf 83' lang='lat' dir='ltr'><strong>Metam.</strong></span> <span class='ocrx_word' id='word_1_319' title='bbox 1274 1828 1331 1892; x_wconf 90' lang='lat' dir='ltr'><strong>Ip.</strong></span> <span class='ocrx_word' id='word_1_320' title='bbox 1350 1834 1399 1890; x_wconf 84' lang='lat'><strong>50,</strong></span> 
     </span>
     <span class='ocr_line' id='line_1_58' title="bbox 843 1902 1398 1972; baseline 0.022 -23"><span class='ocrx_word' id='word_1_321' title='bbox 843 1908 868 1950; x_wconf 88' lang='lat' dir='ltr'><strong>et</strong></span> <span class='ocrx_word' id='word_1_322' title='bbox 885 1902 1003 1951; x_wconf 84' lang='lat' dir='ltr'><strong>Pricaeus</strong></span> <span class='ocrx_word' id='word_1_323' title='bbox 1019 1918 1044 1967; x_wconf 93' lang='lat' dir='ltr'><strong>p.</strong></span> <span class='ocrx_word' id='word_1_324' title='bbox 1065 1907 1120 1954; x_wconf 80' lang='lat'>154.</span> <span class='ocrx_word' id='word_1_325' title='bbox 1139 1904 1193 1956; x_wconf 87' lang='lat' dir='ltr'><strong>Sed</strong></span> <span class='ocrx_word' id='word_1_326' title='bbox 1201 1923 1294 1972; x_wconf 87' lang='lat' dir='ltr'><strong>quaero</strong></span> <span class='ocrx_word' id='word_1_327' title='bbox 1304 1925 1337 1959; x_wconf 88' lang='lat' dir='ltr'><strong>an</strong></span> <span class='ocrx_word' id='word_1_328' title='bbox 1348 1911 1398 1960; x_wconf 83' lang='lat' dir='ltr'><strong>Ta·</strong></span> 
     </span>
     <span class='ocr_line' id='line_1_59' title="bbox 843 1984 1399 2056; baseline 0.02 -25"><span class='ocrx_word' id='word_1_329' title='bbox 843 1984 906 2032; x_wconf 89' lang='lat' dir='ltr'><strong>citus</strong></span> <span class='ocrx_word' id='word_1_330' title='bbox 931 1985 995 2032; x_wconf 87' lang='lat' dir='ltr'><strong>bens</strong></span> <span class='ocrx_word' id='word_1_331' title='bbox 1011 1985 1162 2050; x_wconf 87' lang='lat' dir='ltr'><strong>scripsisset:</strong></span> <span class='ocrx_word' id='word_1_332' title='bbox 1181 1989 1260 2038; x_wconf 87' lang='lat' dir='ltr'><strong>nostri</strong></span> <span class='ocrx_word' id='word_1_333' title='bbox 1277 1993 1399 2056; x_wconf 85' lang='lat' dir='ltr'><strong>supersti-</strong></span> 
     </span>
     <span class='ocr_line' id='line_1_60' title="bbox 844 2067 1398 2125; baseline 0.025 -14"><span class='ocrx_word' id='word_1_334' title='bbox 844 2072 880 2112; x_wconf 85' lang='lat' dir='ltr'><strong>tes</strong></span> <span class='ocrx_word' id='word_1_335' title='bbox 905 2081 1001 2125; x_wconf 89' lang='lat' dir='ltr'><strong>sumus,</strong></span> <span class='ocrx_word' id='word_1_336' title='bbox 1027 2067 1043 2114; x_wconf 91' lang='lat' dir='ltr'><strong>i.</strong></span> <span class='ocrx_word' id='word_1_337' title='bbox 1062 2079 1084 2114; x_wconf 87' lang='lat' dir='ltr'><strong>e.</strong></span> <span class='ocrx_word' id='word_1_338' title='bbox 1102 2081 1205 2120; x_wconf 83' lang='lat' dir='ltr'><strong>omnem</strong></span> <span class='ocrx_word' id='word_1_339' title='bbox 1222 2071 1300 2120; x_wconf 84' lang='lat' dir='ltr'><strong>animi</strong></span> <span class='ocrx_word' id='word_1_340' title='bbox 1317 2079 1343 2122; x_wconf 90' lang='lat' dir='ltr'><strong>et</strong></span> <span class='ocrx_word' id='word_1_341' title='bbox 1360 2074 1398 2124; x_wconf 87' lang='lat' dir='ltr'><strong>in·</strong></span> 
     </span>
     <span class='ocr_line' id='line_1_61' title="bbox 843 2146 1398 2212; baseline 0.02 -19"><span class='ocrx_word' id='word_1_342' title='bbox 843 2146 911 2210; x_wconf 89' lang='lat' dir='ltr'><strong>genii</strong></span> <span class='ocrx_word' id='word_1_343' title='bbox 928 2146 1071 2196; x_wconf 80' lang='lat' dir='ltr'><strong>facultatem</strong></span> <span class='ocrx_word' id='word_1_344' title='bbox 1087 2150 1253 2212; x_wconf 84' lang='lat' dir='ltr'><strong>perdidimus,</strong></span> <span class='ocrx_word' id='word_1_345' title='bbox 1271 2153 1398 2204; x_wconf 78' lang='lat' dir='ltr'><strong>nrrlliem·</strong></span> 
     </span>
     <span class='ocr_line' id='line_1_62' title="bbox 841 2227 1398 2292; baseline 0.023 -18"><span class='ocrx_word' id='word_1_346' title='bbox 841 2227 907 2290; x_wconf 87' lang='lat' dir='ltr'><strong>plius</strong></span> <span class='ocrx_word' id='word_1_347' title='bbox 937 2229 1018 2277; x_wconf 86' lang='lat' dir='ltr'><strong>studio</strong></span> <span class='ocrx_word' id='word_1_348' title='bbox 1044 2230 1111 2292; x_wconf 86' lang='lat' dir='ltr'><strong>apti,</strong></span> <span class='ocrx_word' id='word_1_349' title='bbox 1138 2231 1203 2282; x_wconf 87' lang='lat' dir='ltr'><strong>nihil</strong></span> <span class='ocrx_word' id='word_1_350' title='bbox 1228 2248 1322 2284; x_wconf 87' lang='lat' dir='ltr'><strong>sumus.</strong></span> <span class='ocrx_word' id='word_1_351' title='bbox 1356 2236 1398 2287; x_wconf 86' lang='lat' dir='ltr'><strong>Da</strong></span> 
     </span>
     <span class='ocr_line' id='line_1_63' title="bbox 842 2307 1398 2378; baseline 0.029 -25"><span class='ocrx_word' id='word_1_352' title='bbox 842 2307 913 2368; x_wconf 84' lang='lat' dir='ltr'><strong>eliis,</strong></span> <span class='ocrx_word' id='word_1_353' title='bbox 938 2315 1014 2372; x_wconf 84' lang='lat' dir='ltr'><strong>puto,</strong></span> <span class='ocrx_word' id='word_1_354' title='bbox 1038 2312 1206 2374; x_wconf 78' lang='lat' dir='ltr'><strong>arrogantius,</strong></span> <span class='ocrx_word' id='word_1_355' title='bbox 1223 2329 1299 2378; x_wconf 84' lang='lat' dir='ltr'><strong>quam</strong></span> <span class='ocrx_word' id='word_1_356' title='bbox 1311 2319 1398 2370; x_wconf 88' lang='lat' dir='ltr'><strong>mode·</strong></span> 
     </span>
     <span class='ocr_line' id='line_1_64' title="bbox 842 2388 1398 2461; baseline 0.025 -26"><span class='ocrx_word' id='word_1_357' title='bbox 842 2388 918 2448; x_wconf 88' lang='lat' dir='ltr'><strong>stius,</strong></span> <span class='ocrx_word' id='word_1_358' title='bbox 943 2391 974 2438; x_wconf 90' lang='lat' dir='ltr'><strong>de</strong></span> <span class='ocrx_word' id='word_1_359' title='bbox 999 2403 1026 2438; x_wconf 87' lang='lat' dir='ltr'><strong>se</strong></span> <span class='ocrx_word' id='word_1_360' title='bbox 1051 2397 1103 2440; x_wconf 86' lang='lat' dir='ltr'><strong>tam</strong></span> <span class='ocrx_word' id='word_1_361' title='bbox 1128 2394 1252 2454; x_wconf 87' lang='lat' dir='ltr'><strong>modeste,</strong></span> <span class='ocrx_word' id='word_1_362' title='bbox 1269 2403 1297 2444; x_wconf 87' lang='lat' dir='ltr'><strong>ut</strong></span> <span class='ocrx_word' id='word_1_363' title='bbox 1312 2399 1398 2461; x_wconf 91' lang='lat' dir='ltr'><strong>potius</strong></span> 
     </span>
     <span class='ocr_line' id='line_1_65' title="bbox 842 2470 1396 2539; baseline 0.022 -22"><span class='ocrx_word' id='word_1_364' title='bbox 842 2470 958 2518; x_wconf 85' lang='lat' dir='ltr'><strong>simulata</strong></span> <span class='ocrx_word' id='word_1_365' title='bbox 982 2478 1066 2522; x_wconf 89' lang='lat' dir='ltr'><strong>mente</strong></span> <span class='ocrx_word' id='word_1_366' title='bbox 1083 2474 1179 2524; x_wconf 90' lang='lat' dir='ltr'><strong>locutus</strong></span> <span class='ocrx_word' id='word_1_367' title='bbox 1196 2490 1250 2526; x_wconf 88' lang='lat' dir='ltr'><strong>esse</strong></span> <span class='ocrx_word' id='word_1_368' title='bbox 1266 2478 1396 2539; x_wconf 86' lang='lat' dir='ltr'><strong>videatur,</strong></span> 
     </span>
     <span class='ocr_line' id='line_1_66' title="bbox 841 2554 1396 2626; baseline 0.018 -27"><span class='ocrx_word' id='word_1_369' title='bbox 841 2566 899 2600; x_wconf 90' lang='lat' dir='ltr'><strong>cum</strong></span> <span class='ocrx_word' id='word_1_370' title='bbox 923 2554 1068 2615; x_wconf 84' lang='lat' dir='ltr'><strong>praesertim</strong></span> <span class='ocrx_word' id='word_1_371' title='bbox 1093 2555 1179 2606; x_wconf 75' lang='lat' dir='ltr'><strong>addam</strong></span> <span class='ocrx_word' id='word_1_372' title='bbox 1198 2572 1244 2606; x_wconf 85' lang='lat' dir='ltr'><strong>non</strong></span> <span class='ocrx_word' id='word_1_373' title='bbox 1262 2565 1341 2608; x_wconf 87' lang='lat' dir='ltr'><strong>tamen</strong></span> <span class='ocrx_word' id='word_1_374' title='bbox 1354 2561 1396 2626; x_wconf 90' lang='lat' dir='ltr'><strong>pi·</strong></span> 
     </span>
     <span class='ocr_line' id='line_1_67' title="bbox 840 2632 1397 2698; baseline 0.02 -18"><span class='ocrx_word' id='word_1_375' title='bbox 840 2632 906 2696; x_wconf 78' lang='lat' dir='ltr'><strong>petit</strong></span> <span class='ocrx_word' id='word_1_376' title='bbox 915 2635 1076 2698; x_wconf 87' lang='lat' dir='ltr'><strong>composuisse</strong></span> <span class='ocrx_word' id='word_1_377' title='bbox 1084 2636 1329 2697; x_wconf 84' lang='lat' dir='ltr'><strong>mernor·iam,tamen</strong></span> <span class='ocrx_word' id='word_1_378' title='bbox 1338 2643 1397 2691; x_wconf 86' lang='lat' dir='ltr'><strong>scri·</strong></span> 
     </span>
     <span class='ocr_line' id='line_1_68' title="bbox 840 2714 1037 2776; baseline 0.02 -14"><span class='ocrx_word' id='word_1_379' title='bbox 840 2714 918 2776; x_wconf 88' lang='lat' dir='ltr'><strong>psisso</strong></span> <span class='ocrx_word' id='word_1_380' title='bbox 935 2715 1037 2766; x_wconf 87' lang='lat' dir='ltr'><strong>iuvabit.</strong></span> 
     </span>
    </p>

    <p class='ocr_par' dir='ltr' id='par_1_8' title="bbox 842 2792 1399 4490">
     <span class='ocr_line' id='line_1_69' title="bbox 875 2792 1397 2868; baseline 0.021 -26"><span class='ocrx_word' id='word_1_381' title='bbox 875 2792 979 2844; x_wconf 85' lang='lat' dir='ltr'><strong>Iuvenes</strong></span> <span class='ocrx_word' id='word_1_382' title='bbox 995 2796 1030 2844; x_wconf 83' lang='lat' dir='ltr'><strong>ad</strong></span> <span class='ocrx_word' id='word_1_383' title='bbox 1045 2807 1196 2850; x_wconf 86' lang='lat' dir='ltr'><strong>senectutem.</strong></span> <span class='ocrx_word' id='word_1_384' title='bbox 1215 2802 1273 2851; x_wconf 88' lang='lat' dir='ltr'><strong>Hoc</strong></span> <span class='ocrx_word' id='word_1_385' title='bbox 1288 2811 1338 2862; x_wconf 87' lang='lat' dir='ltr'><strong>est,</strong></span> <span class='ocrx_word' id='word_1_386' title='bbox 1348 2818 1397 2868; x_wconf 89' lang='lat' dir='ltr'><strong>ego</strong></span> 
     </span>
     <span class='ocr_line' id='line_1_70' title="bbox 842 2877 1396 2934; baseline 0.016 -9"><span class='ocrx_word' id='word_1_387' title='bbox 842 2883 867 2926; x_wconf 88' lang='lat' dir='ltr'><strong>et</strong></span> <span class='ocrx_word' id='word_1_388' title='bbox 896 2877 940 2926; x_wconf 87' lang='lat' dir='ltr'><strong>alii</strong></span> <span class='ocrx_word' id='word_1_389' title='bbox 970 2877 1012 2926; x_wconf 88' lang='lat' dir='ltr'><strong>isti</strong></span> <span class='ocrx_word' id='word_1_390' title='bbox 1037 2879 1151 2928; x_wconf 88' lang='lat' dir='ltr'><strong>venimus</strong></span> <span class='ocrx_word' id='word_1_391' title='bbox 1177 2882 1208 2930; x_wconf 84' lang='lat' dir='ltr'><strong>ad</strong></span> <span class='ocrx_word' id='word_1_392' title='bbox 1232 2890 1396 2934; x_wconf 87' lang='lat' dir='ltr'><strong>senectutem.</strong></span> 
     </span>
     <span class='ocr_line' id='line_1_71' title="bbox 842 2958 1396 3025; baseline 0.016 -19"><span class='ocrx_word' id='word_1_393' title='bbox 842 2958 948 3022; x_wconf 88' lang='lat' dir='ltr'><strong>Repete,</strong></span> <span class='ocrx_word' id='word_1_394' title='bbox 965 2959 986 3007; x_wconf 92' lang='lat' dir='ltr'><strong>si</strong></span> <span class='ocrx_word' id='word_1_395' title='bbox 1003 2960 1078 3008; x_wconf 85' lang='lat' dir='ltr'><strong>veiis:</strong></span> <span class='ocrx_word' id='word_1_396' title='bbox 1093 2977 1175 3025; x_wconf 86' lang='lat' dir='ltr'><strong>prope</strong></span> <span class='ocrx_word' id='word_1_397' title='bbox 1191 2962 1227 3012; x_wconf 84' lang='lat' dir='ltr'><strong>ad</strong></span> <span class='ocrx_word' id='word_1_398' title='bbox 1241 2973 1396 3025; x_wconf 85' lang='lat' dir='ltr'><strong>senectutem,</strong></span> 
     </span>
     <span class='ocr_line' id='line_1_72' title="bbox 842 3039 1397 3108; baseline 0.014 -22"><span class='ocrx_word' id='word_1_399' title='bbox 842 3054 911 3087; x_wconf 88' lang='lat' dir='ltr'><strong>senes</strong></span> <span class='ocrx_word' id='word_1_400' title='bbox 932 3055 1014 3104; x_wconf 89' lang='lat' dir='ltr'><strong>prope</strong></span> <span class='ocrx_word' id='word_1_401' title='bbox 1039 3039 1075 3089; x_wconf 84' lang='lat' dir='ltr'><strong>ad</strong></span> <span class='ocrx_word' id='word_1_402' title='bbox 1095 3042 1163 3108; x_wconf 86' lang='lat' dir='ltr'><strong>ipsos</strong></span> <span class='ocrx_word' id='word_1_403' title='bbox 1180 3052 1284 3092; x_wconf 75' lang='lat' dir='ltr'><strong>exactae</strong></span> <span class='ocrx_word' id='word_1_404' title='bbox 1301 3045 1397 3094; x_wconf 88' lang='lat' dir='ltr'><strong>aetatis</strong></span> 
     </span>
     <span class='ocr_line' id='line_1_73' title="bbox 843 3122 1397 3179; baseline 0.013 -9"><span class='ocrx_word' id='word_1_405' title='bbox 843 3122 957 3172; x_wconf 88' lang='lat' dir='ltr'><strong>terminos</strong></span> <span class='ocrx_word' id='word_1_406' title='bbox 980 3122 1103 3179; x_wconf 61' lang='lat' dir='ltr'><strong>nemimem·</strong></span> <span class='ocrx_word' id='word_1_407' title='bbox 1127 3140 1178 3174; x_wconf 88' lang='lat' dir='ltr'><strong>nou</strong></span> <span class='ocrx_word' id='word_1_408' title='bbox 1196 3127 1273 3176; x_wconf 84' lang='lat' dir='ltr'><strong>iuvat.</strong></span> <span class='ocrx_word' id='word_1_409' title='bbox 1292 3127 1397 3178; x_wconf 84' lang='lat' dir='ltr'><strong>Tacitus</strong></span> 
     </span>
     <span class='ocr_line' id='line_1_74' title="bbox 842 3202 1396 3272; baseline 0.013 -22"><span class='ocrx_word' id='word_1_410' title='bbox 842 3202 903 3251; x_wconf 85' lang='lat' dir='ltr'><strong>haec</strong></span> <span class='ocrx_word' id='word_1_411' title='bbox 928 3204 1049 3254; x_wconf 86' lang='lat' dir='ltr'><strong>scribebat</strong></span> <span class='ocrx_word' id='word_1_412' title='bbox 1074 3220 1141 3256; x_wconf 87' lang='lat' dir='ltr'><strong>anuo</strong></span> <span class='ocrx_word' id='word_1_413' title='bbox 1164 3207 1251 3256; x_wconf 78' lang='lat' dir='ltr'><strong>notatis</strong></span> <span class='ocrx_word' id='word_1_414' title='bbox 1267 3206 1319 3258; x_wconf 84' lang='lat' dir='ltr'><strong>fere</strong></span> <span class='ocrx_word' id='word_1_415' title='bbox 1335 3223 1396 3272; x_wconf 89' lang='lat' dir='ltr'><strong>qua-</strong></span> 
     </span>
     <span class='ocr_line' id='line_1_75' title="bbox 842 3285 1398 3351; baseline 0.014 -20"><span class='ocrx_word' id='word_1_416' title='bbox 842 3285 982 3347; x_wconf 86' lang='lat' dir='ltr'><strong>dragesimo</strong></span> <span class='ocrx_word' id='word_1_417' title='bbox 1006 3286 1102 3351; x_wconf 90' lang='lat' dir='ltr'><strong>quinto.</strong></span> <span class='ocrx_word' id='word_1_418' title='bbox 1130 3288 1226 3338; x_wconf 87' lang='lat' dir='ltr'><strong>Tamen</strong></span> <span class='ocrx_word' id='word_1_419' title='bbox 1252 3304 1303 3338; x_wconf 87' lang='lat' dir='ltr'><strong>non</strong></span> <span class='ocrx_word' id='word_1_420' title='bbox 1328 3297 1398 3339; x_wconf 88' lang='lat' dir='ltr'><strong>recte</strong></span> 
     </span>
     <span class='ocr_line' id='line_1_76' title="bbox 843 3366 1397 3432; baseline 0.014 -19"><span class='ocrx_word' id='word_1_421' title='bbox 843 3366 965 3414; x_wconf 77' lang='lat' dir='ltr'><strong>dicerettu·</strong></span> <span class='ocrx_word' id='word_1_422' title='bbox 977 3382 1059 3432; x_wconf 88' lang='lat' dir='ltr'><strong>prope</strong></span> <span class='ocrx_word' id='word_1_423' title='bbox 1075 3366 1112 3416; x_wconf 85' lang='lat' dir='ltr'><strong>ad</strong></span> <span class='ocrx_word' id='word_1_424' title='bbox 1122 3377 1266 3420; x_wconf 87' lang='lat' dir='ltr'><strong>senectutem</strong></span> <span class='ocrx_word' id='word_1_425' title='bbox 1282 3371 1397 3430; x_wconf 82' lang='lat' dir='ltr'><strong>venisse,</strong></span> 
     </span>
     <span class='ocr_line' id='line_1_77' title="bbox 843 3448 1395 3514; baseline 0.013 -19"><span class='ocrx_word' id='word_1_426' title='bbox 843 3461 906 3510; x_wconf 85' lang='lat' dir='ltr'><strong>quae</strong></span> <span class='ocrx_word' id='word_1_427' title='bbox 923 3448 1024 3496; x_wconf 89' lang='lat' dir='ltr'><strong>demum</strong></span> <span class='ocrx_word' id='word_1_428' title='bbox 1040 3449 1127 3512; x_wconf 87' lang='lat' dir='ltr'><strong>incipit</strong></span> <span class='ocrx_word' id='word_1_429' title='bbox 1145 3465 1211 3500; x_wconf 88' lang='lat' dir='ltr'><strong>anuo</strong></span> <span class='ocrx_word' id='word_1_430' title='bbox 1228 3453 1395 3514; x_wconf 82' lang='lat' dir='ltr'><strong>sexagesimo.</strong></span> 
     </span>
     <span class='ocr_line' id='line_1_78' title="bbox 844 3529 1397 3594; baseline 0.011 -17"><span class='ocrx_word' id='word_1_431' title='bbox 844 3529 876 3577; x_wconf 93' lang='lat' dir='ltr'><strong>In</strong></span> <span class='ocrx_word' id='word_1_432' title='bbox 894 3529 990 3578; x_wconf 89' lang='lat' dir='ltr'><strong>Histor.</strong></span> <span class='ocrx_word' id='word_1_433' title='bbox 1010 3530 1032 3579; x_wconf 92' lang='grc' dir='ltr'><strong>Ι.</strong></span> <span class='ocrx_word' id='word_1_434' title='bbox 1051 3545 1069 3578; x_wconf 88' lang='lat'><strong>1.</strong></span> <span class='ocrx_word' id='word_1_435' title='bbox 1086 3529 1205 3594; x_wconf 82' lang='lat' dir='ltr'><strong>legimus:</strong></span> <span class='ocrx_word' id='word_1_436' title='bbox 1226 3530 1299 3588; x_wconf 81' lang='lat' dir='ltr'><strong>Quod</strong></span> <span class='ocrx_word' id='word_1_437' title='bbox 1311 3533 1334 3582; x_wconf 89' lang='lat' dir='ltr'><strong>si</strong></span> <span class='ocrx_word' id='word_1_438' title='bbox 1342 3534 1397 3582; x_wconf 86' lang='lat' dir='ltr'><strong>uita</strong></span> 
     </span>
     <span class='ocr_line' id='line_1_79' title="bbox 843 3609 1397 3677; baseline 0.011 -19"><span class='ocrx_word' id='word_1_439' title='bbox 843 3610 903 3660; x_wconf 80' lang='lat' dir='ltr'><strong>milri</strong></span> <span class='ocrx_word' id='word_1_440' title='bbox 927 3609 1083 3676; x_wconf 85' lang='lat' dir='ltr'><strong>suppeditet,</strong></span> <span class='ocrx_word' id='word_1_441' title='bbox 1103 3611 1275 3677; x_wconf 86' lang='lat' dir='ltr'><strong>principatum</strong></span> <span class='ocrx_word' id='word_1_442' title='bbox 1290 3612 1397 3664; x_wconf 87' lang='lat' dir='ltr'><strong>Neruae</strong></span> 
     </span>
     <span class='ocr_line' id='line_1_80' title="bbox 844 3689 1396 3758; baseline 0.007 -16"><span class='ocrx_word' id='word_1_443' title='bbox 844 3701 868 3742; x_wconf 90' lang='lat' dir='ltr'><strong>et</strong></span> <span class='ocrx_word' id='word_1_444' title='bbox 890 3693 1018 3758; x_wconf 88' lang='lat' dir='ltr'><strong>imperium</strong></span> <span class='ocrx_word' id='word_1_445' title='bbox 1039 3689 1159 3754; x_wconf 86' lang='lat' dir='ltr'><strong>Troiani,</strong></span> <span class='ocrx_word' id='word_1_446' title='bbox 1177 3695 1312 3744; x_wconf 80' lang='lat' dir='ltr'><strong>uberiorem</strong></span> <span class='ocrx_word' id='word_1_447' title='bbox 1328 3712 1396 3746; x_wconf 85' lang='lat' dir='ltr'><strong>secu·</strong></span> 
     </span>
     <span class='ocr_line' id='line_1_81' title="bbox 844 3774 1395 3842; baseline 0.004 -20"><span class='ocrx_word' id='word_1_448' title='bbox 844 3774 980 3838; x_wconf 84' lang='lat' dir='ltr'><strong>riorempue</strong></span> <span class='ocrx_word' id='word_1_449' title='bbox 1004 3774 1133 3824; x_wconf 84' lang='lat' dir='ltr'><strong>materiam</strong></span> <span class='ocrx_word' id='word_1_450' title='bbox 1150 3776 1269 3826; x_wconf 87' lang='lat' dir='ltr'><strong>senectuti</strong></span> <span class='ocrx_word' id='word_1_451' title='bbox 1286 3777 1395 3842; x_wconf 88' lang='lat' dir='ltr'><strong>seposui.</strong></span> 
     </span>
     <span class='ocr_line' id='line_1_82' title="bbox 844 3855 1396 3920; baseline 0.005 -15"><span class='ocrx_word' id='word_1_452' title='bbox 844 3856 906 3906; x_wconf 89' lang='lat' dir='ltr'><strong>Post</strong></span> <span class='ocrx_word' id='word_1_453' title='bbox 916 3856 1063 3919; x_wconf 82' lang='lat' dir='ltr'><strong>Agricolam</strong></span> <span class='ocrx_word' id='word_1_454' title='bbox 1071 3857 1209 3920; x_wconf 88' lang='lat' dir='ltr'><strong>composuit</strong></span> <span class='ocrx_word' id='word_1_455' title='bbox 1218 3855 1396 3918; x_wconf 87' lang='lat' dir='ltr'><strong>Germaniam,</strong></span> 
     </span>
     <span class='ocr_line' id='line_1_83' title="bbox 843 3935 1397 4000; baseline 0.005 -15"><span class='ocrx_word' id='word_1_456' title='bbox 843 3943 899 4000; x_wconf 86' lang='lat' dir='ltr'><strong>post</strong></span> <span class='ocrx_word' id='word_1_457' title='bbox 924 3935 1086 3986; x_wconf 83' lang='lat' dir='ltr'><strong>Germaniam</strong></span> <span class='ocrx_word' id='word_1_458' title='bbox 1111 3938 1245 3988; x_wconf 84' lang='lat' dir='ltr'><strong>Historias.</strong></span> <span class='ocrx_word' id='word_1_459' title='bbox 1271 3939 1313 3988; x_wconf 88' lang='lat' dir='ltr'><strong>Da</strong></span> <span class='ocrx_word' id='word_1_460' title='bbox 1334 3945 1397 3988; x_wconf 90' lang='lat' dir='ltr'><strong>tem·</strong></span> 
     </span>
     <span class='ocr_line' id='line_1_84' title="bbox 843 4019 1399 4083; baseline 0.004 -15"><span class='ocrx_word' id='word_1_461' title='bbox 843 4019 898 4082; x_wconf 89' lang='lat' dir='ltr'><strong>pori</strong></span> <span class='ocrx_word' id='word_1_462' title='bbox 914 4019 1043 4068; x_wconf 89' lang='lat' dir='ltr'><strong>interiecto</strong></span> <span class='ocrx_word' id='word_1_463' title='bbox 1059 4026 1122 4078; x_wconf 88' lang='lat' dir='ltr'><strong>tres,</strong></span> <span class='ocrx_word' id='word_1_464' title='bbox 1139 4027 1245 4083; x_wconf 83' lang='lat' dir='ltr'><strong>quotuor</strong></span> <span class='ocrx_word' id='word_1_465' title='bbox 1261 4035 1355 4080; x_wconf 87' lang='lat' dir='ltr'><strong>nonos,</strong></span> <span class='ocrx_word' id='word_1_466' title='bbox 1372 4028 1399 4070; x_wconf 89' lang='lat' dir='ltr'><strong>et</strong></span> 
     </span>
     <span class='ocr_line' id='line_1_85' title="bbox 843 4101 1399 4166; baseline 0.013 -19"><span class='ocrx_word' id='word_1_467' title='bbox 843 4101 895 4159; x_wconf 82' lang='lat' dir='ltr'><strong>uir,</strong></span> <span class='ocrx_word' id='word_1_468' title='bbox 918 4106 991 4150; x_wconf 81' lang='lat' dir='ltr'><strong>natm</strong></span> <span class='ocrx_word' id='word_1_469' title='bbox 1008 4115 1087 4150; x_wconf 81' lang='lat' dir='ltr'><strong>annos</strong></span> <span class='ocrx_word' id='word_1_470' title='bbox 1103 4101 1268 4166; x_wconf 79' lang='lat' dir='ltr'><strong>qualraginta</strong></span> <span class='ocrx_word' id='word_1_471' title='bbox 1284 4109 1339 4152; x_wconf 86' lang='lat' dir='ltr'><strong>octo</strong></span> <span class='ocrx_word' id='word_1_472' title='bbox 1356 4109 1399 4156; x_wconf 82' lang='lat' dir='ltr'><strong>rel</strong></span> 
     </span>
     <span class='ocr_line' id='line_1_86' title="bbox 844 4182 1398 4246; baseline 0.005 -16"><span class='ocrx_word' id='word_1_473' title='bbox 844 4195 950 4241; x_wconf 89' lang='lat' dir='ltr'><strong>novom,</strong></span> <span class='ocrx_word' id='word_1_474' title='bbox 968 4182 1090 4232; x_wconf 85' lang='lat' dir='ltr'><strong>diceretur</strong></span> <span class='ocrx_word' id='word_1_475' title='bbox 1105 4197 1181 4246; x_wconf 89' lang='lat' dir='ltr'><strong>prope</strong></span> <span class='ocrx_word' id='word_1_476' title='bbox 1198 4184 1296 4234; x_wconf 85' lang='lat' dir='ltr'><strong>vonisse</strong></span> <span class='ocrx_word' id='word_1_477' title='bbox 1313 4185 1344 4234; x_wconf 86' lang='lat' dir='ltr'><strong>ad</strong></span> <span class='ocrx_word' id='word_1_478' title='bbox 1362 4199 1398 4234; x_wconf 89' lang='lat' dir='ltr'><strong>se·</strong></span> 
     </span>
     <span class='ocr_line' id='line_1_87' title="bbox 843 4263 1399 4328; baseline 0.004 -16"><span class='ocrx_word' id='word_1_479' title='bbox 843 4263 999 4328; x_wconf 80' lang='lat' dir='ltr'><strong>ruperimum.</strong></span> <span class='ocrx_word' id='word_1_480' title='bbox 1032 4264 1135 4324; x_wconf 85' lang='lat' dir='ltr'><strong>Cicero,</strong></span> <span class='ocrx_word' id='word_1_481' title='bbox 1166 4279 1225 4314; x_wconf 89' lang='lat' dir='ltr'><strong>cum</strong></span> <span class='ocrx_word' id='word_1_482' title='bbox 1248 4264 1341 4314; x_wconf 87' lang='lat' dir='ltr'><strong>librum</strong></span> <span class='ocrx_word' id='word_1_483' title='bbox 1365 4266 1399 4314; x_wconf 84' lang='lat' dir='ltr'><strong>de</strong></span> 
     </span>
     <span class='ocr_line' id='line_1_88' title="bbox 843 4345 1397 4408; baseline 0.004 -15"><span class='ocrx_word' id='word_1_484' title='bbox 843 4352 968 4395; x_wconf 87' lang='lat' dir='ltr'><strong>senectute</strong></span> <span class='ocrx_word' id='word_1_485' title='bbox 993 4345 1135 4408; x_wconf 83' lang='lat' dir='ltr'><strong>scripserat,</strong></span> <span class='ocrx_word' id='word_1_486' title='bbox 1163 4347 1194 4396; x_wconf 86' lang='lat' dir='ltr'><strong>od</strong></span> <span class='ocrx_word' id='word_1_487' title='bbox 1220 4361 1315 4396; x_wconf 87' lang='lat' dir='ltr'><strong>sunum</strong></span> <span class='ocrx_word' id='word_1_488' title='bbox 1331 4353 1397 4396; x_wconf 83' lang='lat' dir='ltr'><strong>seta-</strong></span> 
     </span>
     <span class='ocr_line' id='line_1_89' title="bbox 842 4426 1396 4490; baseline 0.005 -17"><span class='ocrx_word' id='word_1_489' title='bbox 842 4426 874 4476; x_wconf 92' lang='lat' dir='ltr'><strong>tis</strong></span> <span class='ocrx_word' id='word_1_490' title='bbox 904 4427 1005 4478; x_wconf 87' lang='lat' dir='ltr'><strong>tortium</strong></span> <span class='ocrx_word' id='word_1_491' title='bbox 1032 4433 1055 4474; x_wconf 89' lang='lat' dir='ltr'><strong>et</strong></span> <span class='ocrx_word' id='word_1_492' title='bbox 1081 4428 1266 4490; x_wconf 82' lang='lat' dir='ltr'><strong>sexagesimum</strong></span> <span class='ocrx_word' id='word_1_493' title='bbox 1283 4435 1396 4478; x_wconf 72' lang='lat' dir='ltr'><strong>renuat.</strong></span> 
     </span>
    </p>
   </div>
   <div class='ocr_carea' id='block_1_7' title="bbox 0 0 1572 5310">
    <p class='ocr_par' dir='ltr' id='par_1_9' title="bbox 0 0 1572 5310">
     <span class='ocr_line' id='line_1_90' title="bbox 0 0 1572 5310; baseline 0 1"><span class='ocrx_word' id='word_1_494' title='bbox 0 0 1572 5310; x_wconf 95' lang='lat' dir='ltr'><strong> </strong></span> 
     </span>
    </p>
   </div>
  </div>
 </body>
</html>
