3130 5308
667 541 846 590 rcmcoss.
1260 529 1321 590 107

172 735 288 800 posse,
332 709 429 798 idque
471 707 566 772 etiam
598 706 754 776 ,adversos
799 710 996 778 Britanniam
1039 711 1260 799 profuturum,
1297 712 1322 778 si

173 817 323 882 Romana
358 814 478 902 ubique
514 833 618 888 arma,
652 826 684 878 et
718 814 805 880 reiut
840 837 858 881 e
885 815 1056 906 conspectu
1081 815 1208 882 libertas
1231 815 1322 884 tollo-

175 933 277 988 retur.

226 1024 324 1090 XXV.
362 1021 512 1089 Ceterum
536 1033 672 1098 aestate,
697 1045 759 1112 qua
783 1037 904 1090 scrtnm
928 1026 1025 1092 officii
1048 1047 1167 1092 annum
1192 1025 1322 1094 inchoa·

175 1129 258 1206 bat,
295 1129 456 1217 amplexus
491 1128 632 1193 civitates
666 1139 753 1194 trans
789 1127 971 1196 Bodotriam
1005 1132 1095 1208 sitas,
1119 1132 1194 1221 quia
1217 1144 1322 1198 motus

175 1237 395 1300 universarum
428 1233 511 1297 ultra
545 1234 688 1321 gentium
724 1245 755 1299 et
790 1234 902 1299 infesta
938 1234 1059 1300 hostilis
1091 1239 1245 1303 exercitus
1270 1239 1321 1303 iti-

174 1363 255 1406 nera
291 1338 502 1417 timebantur,
534 1349 643 1426 portus
668 1337 765 1403 classe
789 1339 981 1429 explorarit3
1009 1362 1090 1429 quae
1113 1341 1152 1406 ab
1176 1341 1322 1432 Agricola

172 1447 316 1534 primum
350 1454 509 1532 assumpta
543 1444 577 1506 in
605 1454 728 1530 partem
753 1443 866 1508 virium
890 1446 1081 1536 sequebatur
1103 1448 1229 1536 egregia
1252 1471 1322 1538 spe·

172 1697 246 1746 velut
270 1709 285 1744 a
309 1699 443 1757 conspecta
467 1693 568 1744 libertas
591 1693 726 1744 tolleretur.
773 1693 852 1753 bello.
870 1695 914 1744 sad
930 1694 1029 1755 animo,
1045 1709 1124 1758 qnam
1141 1696 1226 1746 auimo
1242 1695 1322 1748 intem

95 1843 98 1852 ¹
174 1777 262 1837 Quare
279 1775 361 1837 potins
377 1775 495 1832 credam,
515 1775 644 1834 Tacitum,
660 1775 728 1839 qnod
772 1775 849 1826 disset
864 1775 992 1826 univorsos
1007 1776 1121 1826 civitates
1137 1775 1266 1842 aggredi.”

172 1871 210 1908 ex
236 1856 358 1919 Agricola
382 1869 455 1920 saepe
471 1856 618 1915 audivisset,
636 1869 727 1906 merno-
807 1853 844 1904 Et
860 1855 958 1920 infesta
974 1854 1071 1906 hostilia
1087 1857 1209 1908 ammaus
1222 1857 1321 1913 isim·

171 1951 260 1997 rasse,
277 1944 306 1986 ut
322 1937 390 1986 illius
406 1950 558 1986 successores
565 1938 726 2000 porticuum,
773 1937 912 1988 Rhenanus
935 1943 1078 1989 correxerat
1102 1936 1187 1988 bertila*
1203 1937 1320 1989 exercitu.

124 2039 128 2045 ·
172 2019 243 2082 quod
258 2018 313 2080 ipse
329 2018 727 2081 nonpotnit‚impeditusnraiore
747 1995 753 2118 Ι
773 2017 916 2078 Beckeras,
942 2016 1063 2078 imildae,
1088 2029 1135 2081 ego
1160 2017 1222 2068 olim
1238 2016 1323 2068 hostili

169 2115 235 2150 orara
251 2099 416 2158 Caledonius,
435 2105 509 2163 atque
525 2099 561 2148 ita
577 2099 654 2148 totins
671 2100 727 2148 Bri·
772 2098 900 2149 cummisi.
918 2098 1027 2149 Wexius
1043 2099 1176 2162 vulgatam
1190 2105 1282 2158 tuctur,
1297 2106 1323 2150 et

172 2181 277 2232 tauniae
292 2181 486 2244 perdomandae.
504 2180 638 2230 Praeterea
655 2179 726 2230 Taci-
771 2181 845 2230 dccet
860 2180 953 2230 Latine
968 2180 1018 2232 dici
1033 2179 1081 2230 iter
1098 2178 1322 2245 exmcitrssipsiua,

172 2269 216 2312 tos
248 2262 401 2324 significasse
429 2262 540 2319 videtur,
567 2260 725 2322 Agricolam,
772 2262 820 2312 iter
843 2260 969 2320 facientis,
987 2267 1012 2312 et
1028 2259 1132 2310 reddere
1148 2260 1197 2310 iter
1214 2259 1321 2314 olimina

173 2343 225 2392 nisi
251 2349 307 2405 post
330 2343 461 2391 victoriam
486 2342 513 2389 in
536 2349 623 2390 monte
639 2341 726 2392 Graan·
771 2343 897 2408 inseatom.
925 2343 984 2404 Quo
999 2342 1080 2405 magis
1096 2347 1180 2390 muron
1196 2341 1280 2390 locum
1297 2348 1322 2392 ot

172 2426 217 2488 pio
233 2429 383 2486 reportatam
400 2422 726 2483 tubsmrevocatnminfli·
770 2425 976 2474 consuetudinem
1003 2423 1086 2472 Taciti
1109 2419 1252 2478 considero,
1273 2419 1321 2470 hoc

158 2507 291 2568 ,maniam
307 2511 518 2567 transgressurum
534 2503 616 2553 luisse.
771 2505 851 2567 magis
884 2503 1027 2554 verosimile
1051 2501 1156 2552 arbitror
1181 2513 1239 2550 cum
1263 2500 1321 2549 scri-

214 2585 330 2644 Aestutr,
356 2601 406 2648 quc
430 2591 524 2632 sextum
547 2584 623 2648 officii
639 2599 726 2632 onnam
771 2585 861 2648 psisse:
888 2584 949 2647 quic
973 2591 1051 2634 motus
1067 2581 1237 2632 uniomoorum
1253 2580 1322 2634 ultro

177 2666 314 2716 inchoabat.
333 2666 726 2729 scripsitmedozaessasmqoaa
770 2665 888 2730 quatiam,
914 2664 1015 2716 mantea
1038 2663 1160 2714 exercitus
1184 2671 1208 2713 at
1223 2663 1321 2728 infesto

175 2756 269 2798 sexium
293 2745 369 2812 officii
391 2761 478 2795 manum
499 2745 636 2795 inchoabat.
654 2746 726 2796 Taci-
771 2745 862 2796 itinera
887 2746 1040 2796 timebuntur.
1072 2743 1159 2794 Motus
1173 2751 1233 2794 suut
1250 2744 1321 2796 initia

175 2838 218 2879 tus
241 2829 277 2879 sic
293 2829 363 2892 toqat
378 2834 446 2876 amat
462 2827 503 2877 vel
519 2827 546 2877 in
562 2828 611 2877 hoc
626 2827 682 2890 ipso
697 2828 725 2876 li·
770 2828 909 2888 bellorum,
933 2826 993 2877 hinc
1015 2827 1139 2878 muudus
1155 2826 1321 2889 colliguntur.

175 2911 244 2962 ballo
258 2925 314 2974 cap.
333 2911 357 2958 7.
374 2905 483 2972 &quens
498 2925 577 2958 armus
591 2907 665 2972 quavi
675 2905 726 2956 oal-
770 2909 894 2960 saeuus
910 2909 1005 2958 faciunt
1021 2908 1124 2966 itinera,
1140 2907 1232 2957 infesta
1239 2907 1320 2969 ingra-

174 3007 233 3042 nere
256 2989 361 3040 uranum
384 2988 524 3054 domumque
548 2988 601 3038 eiua
625 2987 725 3054 afflixit.
770 2990 904 3040 clientibus.
921 2986 1080 3038 constructio
1095 2993 1186 3045 meua,
1199 2986 1321 3036 saeuam

175 3079 218 3123 aa.
247 3071 349 3122 Tertius
365 3071 542 3136 expeditionum
558 3085 635 3120 meras
651 3084 725 3118 aanor
771 3078 795 3118 et
810 3069 903 3119 itinera
921 3069 1010 3118 Tacito
1026 3065 1164 3116 familiaris.

174 3162 260 3219 quartas
280 3153 387 3218 operuit.
405 3157 446 3203 ³8.
464 3150 598 3202 Proximus
614 3149 724 3215 diesfo·
803 3149 843 3199 At
868 3146 989 3213 Ayricolu
1010 3146 1118 3212 primam
1142 3154 1270 3212 mmmpta
1294 3147 1320 3198 is

175 3235 238 3285 mem
253 3232 370 3283 victoriae
387 3233 463 3283 tritius
478 3233 586 3298 operuit.
766 3238 865 3296 portem
887 3228 983 3279 uirium.
1014 3227 1139 3278 Praefecti
1163 3232 1221 3278 ante
1245 3227 1321 3294 Agri·

209 3312 346 3380 Amplraus
362 3313 484 3363 ciuitates.
501 3312 724 3376 Legandnrnvide·
769 3313 851 3363 oolam
873 3311 980 3361 navibus
1004 3317 1103 3360 tantum
1129 3310 1262 3360 utebantur
1286 3311 1320 3360 ad

173 3405 229 3456 tun
251 3395 409 3460 mnpleauras
432 3394 553 3452 civitutsr,
576 3395 651 3442 firmo
666 3408 724 3442 con·
769 3394 863 3443 militas
887 3399 913 3442 et
937 3403 1015 3442 onera
1033 3391 1236 3452 nsnsportandur
1253 3405 1323 3440 nnuc

174 3479 232 3528 silio
251 3477 432 3540 amplectendi,
448 3482 530 3524 certus
546 3474 675 3536 amplecti:
693 3487 724 3524 aa
769 3487 828 3522 usus
853 3480 891 3522 est
915 3472 947 3520 ad
972 3471 1038 3520 ballo
1053 3482 1167 3533 quoqne,
1186 3483 1220 3520 ex
1234 3483 1320 3520 onera·

173 3559 213 3608 vis
229 3572 303 3620 saepe
319 3563 357 3606 est
373 3558 400 3604 in
416 3556 500 3604 fntnro
516 3555 646 3618 participii.
665 3555 723 3603 Iris.
769 3555 814 3604 riis
829 3552 888 3602 iecit
903 3564 1002 3614 pirgum
1019 3558 1096 3614 optas.
1114 3549 1158 3600 Sic
1174 3556 1271 3614 portem
1283 3552 1320 3602 vi·

174 3639 256 3688 XXI.
283 3643 323 3689 68.
349 3635 395 3685 Ad
414 3637 499 3701 primo
513 3651 546 3684 cc
563 3633 637 3684 dobin
653 3634 725 3697 myrra
769 3634 836 3684 rinna
860 3632 1011 3692 efficiebant,
1037 3637 1063 3682 ot
1086 3645 1157 3692 cunr,
1183 3637 1250 3684 tans
1265 3647 1320 3697 pro·

173 3719 241 3769 veris
260 3720 396 3784 profectus
420 3733 450 3765 err
467 3716 588 3774 bibernis,
606 3715 631 3764 in
648 3712 724 3764 Etru·
769 3715 933 3778 gredientem,
949 3714 1009 3764 litus
1024 3714 1319 3780 legentessequebsntur.

172 3802 238 3851 dnm
255 3799 343 3855 dorim-
361 3812 413 3846 anm
430 3813 523 3860 quoque
538 3803 645 3860 centem,
660 3794 724 3846 sicud
769 3793 911 3860 Assumpsit
936 3794 1215 3860 supertransierunt
1229 3795 1320 3850 Iustr‘n.

175 3879 264 3931 Gallos
287 3877 455 3944 Iu'yuresquc,
480 3885 526 3926 cat
541 3877 568 3926 vi
583 3885 628 3927 cut
642 3875 725 3926 uolua·
771 3875 941 3926 XXXVIII.
957 3884 982 3928 4.
1003 3874 1129 3926 Gallorum
1145 3883 1226 3924 uatem
1238 3890 1321 3924 nomen

172 3970 228 4012 tate
243 3960 413 4010 adiunctum.
431 3959 505 4008 Talia
517 3958 725 4020 auntmorituras,
771 3956 838 4021 quod
851 3973 945 4022 semper
961 3955 1085 4006 Rmucnoa
1103 3955 1206 4014 terruit,
1223 3954 1249 4004 ia
1258 3970 1321 4019 por·

168 4043 310 4110 periturus,
326 4042 359 4090 de
373 4039 533 4104 qnodixiad
541 4039 632 4088 Horat.
642 4037 725 4089 Casan.
771 4047 818 4088 tem
850 4039 938 4088 viriam
963 4051 1063 4086 sauram
1087 4043 1204 4085 namot.
1231 4035 1320 4085 Livius

173 4126 214 4175 11.
224 4139 249 4187 p·
269 4125 324 4174 lat.
341 4120 498 4185 Syllabaeer
513 4118 537 4168 ir
545 4135 576 4168 ur
584 4120 726 4183 saepissime
771 4133 844 4182 saepo
873 4119 921 4167 hac
952 4117 1060 4167 immola
1082 4117 1168 4164 autor.
1205 4113 1322 4166 Ostendit

174 4207 201 4254 in
220 4203 304 4254 Vatis.
322 4202 349 4252 in
367 4203 450 4252 medio
462 4201 726 4264 verbonrmvelsigno
772 4199 886 4251 Wenius.

173 4285 329 4342 indicentur,
351 4284 393 4332 rel
408 4285 463 4333 sine
479 4283 552 4344 signo
568 4282 724 4332 omittantnr.
805 4276 918 4344 Eyreyio
934 4275 1024 4340 specie.
1043 4275 1087 4324 Ad
1103 4274 1217 4338 vigorem
1234 4276 1320 4326 atani-

174 4365 319 4429 Expltcavit
343 4363 454 4414 Wexius
478 4364 504 4413 in
527 4362 724 4426 Prolegomenis.
772 4373 842 4410 mum
875 4357 995 4411 exercitui
1029 4355 1144 4406 Romano
1169 4356 1320 4412 addendum.

170 4446 287 4496 -Kritains
303 4447 492 4509 interpretatur:
513 4443 657 4507 “amplexus
674 4459 725 4493 non
773 4441 908 4493 Britannos
924 4451 1021 4504 quoqne
1037 4437 1092 4487 risa
1107 4437 1192 4488 classis
1209 4437 1321 4502 obstupe
