3074 5310
236 509 297 572 190
702 526 870 574 suessos.

232 699 299 744 cerat
323 693 415 744 Latine
440 694 523 759 loqui,
548 697 577 742 ut
593 692 645 757 ipse
661 692 704 742 ait.
727 696 759 746 111
776 709 825 760 quo
842 697 907 746 dioto
924 697 1018 763 aliquid
1033 697 1086 746 veri
1103 701 1147 746 est.
1165 697 1217 748 Hic
1232 700 1366 751 cmtescri·

231 783 320 846 psisset
343 778 421 831 Serri.
440 779 523 830 Audi:
554 777 701 830 Caesaribus
716 783 805 841 vitam,
823 779 898 832 Serto
915 781 1001 833 debere
1016 782 1118 832 salutem
1134 781 1180 832 Me
1195 783 1275 841 aciat;
1293 801 1311 834 a
1327 802 1376 854 sug

228 868 301 933 peris
324 866 364 916 irio
389 864 447 914 mibi
468 864 566 931 primm
582 867 637 915 erit.
659 863 782 932 Tempora
797 884 852 918 uam
867 870 971 919 miserae
987 869 1134 936 complector
1150 877 1178 920 ut
1193 871 1274 920 omma
1289 871 1365 930 uitae,

231 952 258 1002 A
281 953 376 1003 meritis
400 951 452 1001 eius
465 965 531 1017 pars
547 951 606 1002 mibi
622 951 690 1002 nulla
706 963 786 1005 vacat.
803 957 840 1007 Ut
856 955 920 1006 nihil
936 955 1018 1006 dicam
1034 957 1066 1006 da
1082 957 1166 1020 inepto
1182 959 1239 1008 lusu
1255 957 1283 1006 iu
1300 957 1366 1006 voci·

231 1042 277 1090 bus
290 1039 387 1106 primus
403 1043 429 1088 et
445 1045 541 1098 asama,
558 1039 643 1103 quales
659 1040 732 1089 multi
748 1043 859 1092 carmina
875 1043 923 1090 ista
938 1043 1100 1103 dedecorant,
1116 1057 1193 1092 nemo
1207 1057 1259 1092 non
1276 1042 1366 1102 sentit,

230 1131 323 1192 quanto
347 1123 436 1174 melius
462 1129 525 1173 esset
550 1140 566 1172 a
593 1122 686 1174 meritis
698 1121 777 1177 Sexti.
813 1128 864 1178 Vel
880 1128 933 1192 ipsa
949 1128 1121 1192 exemplorum
1135 1129 1223 1180 raritas
1239 1128 1365 1188 ostendit*⁸

229 1217 381 1286 quantopere
397 1211 485 1274 politae
501 1212 584 1261 eonati
600 1211 650 1262 sint
666 1213 790 1263 abstinere
805 1228 852 1262 usu
867 1213 1021 1277 pronominis
1037 1213 1098 1263 aas.

262 1386 293 1436 P.
311 1388 352 1436 56.
386 1381 439 1434 Seri
453 1398 520 1433 orare
532 1383 633 1448 pipi-um
649 1392 673 1433 et
688 1398 764 1449 pram
779 1384 960 1449 remipantibus.
994 1383 1088 1435 Dubito
1104 1399 1138 1435 an
1153 1386 1202 1436 hoc
1218 1387 1365 1438 idemmaro

228 1473 273 1533 sit,
290 1477 363 1537 atque
379 1471 455 1530 illud,
471 1469 538 1533 quod
555 1469 657 1518 Tacitus
671 1469 698 1518 in
716 1468 851 1520 Germania
867 1475 907 1520 4⁵.
924 1472 1056 1522 describit:
1077 1466 1159 1520 Trans
1176 1469 1286 1523 Suionas
1293 1473 1364 1524 aliua

228 1573 309 1618 mare,
334 1557 436 1622 piprum
460 1569 491 1604 ae
504 1568 586 1618 prope
603 1553 735 1615 immotum,
753 1572 800 1618 quo
817 1554 883 1620 eiapi
898 1555 1013 1620 cludique
1029 1566 1152 1608 terrarum
1167 1561 1249 1609 orbern
1265 1559 1359 1624 hiaefi·

228 1643 285 1705 des,
303 1641 368 1707 quod
382 1657 419 1706 sq.
453 1640 535 1706 Thyle
551 1641 687 1691 habebatur
703 1641 793 1691 ultima
809 1641 897 1691 mundi
913 1643 984 1694 linis:
1001 1649 1090 1694 natura
1105 1646 1354 1710 eretusqueadThy·

227 1733 283 1792 len,
308 1735 365 1794 post
389 1727 490 1792 Thylen
514 1726 592 1788 nihil,
618 1727 667 1776 uisi
691 1742 774 1787 mare,
799 1728 831 1776 de
855 1743 905 1792 quo
929 1728 1028 1779 Plinius
1044 1731 1071 1780 in
1088 1730 1157 1780 Hist.
1173 1731 1233 1782 Nat.
1252 1732 1304 1782 IV.
1320 1736 1357 1780 13.

228 1813 433 1882 septentrionales
462 1810 583 1874 Oceanus,
608 1813 760 1863 Amalchium
785 1828 836 1862 eum
860 1813 974 1880 appellem
989 1812 1147 1878 Hecataeus,
1161 1832 1178 1866 a
1195 1815 1362 1883 Parapamiso

227 1918 309 1964 amne,
334 1917 384 1966 qua
409 1897 535 1966 Scythiam
560 1898 646 1960 alluit,
667 1897 732 1964 quod
745 1914 828 1948 nomen
843 1899 896 1950 eius
910 1901 991 1966 pentir
1007 1901 1092 1966 linqua
1107 1902 1234 1968 sipnifioat
1249 1902 1363 1968 congela-

227 1996 289 2042 tum.
307 1986 435 2038 Philemon
459 1986 649 2036 morimarusam
665 2001 681 2033 a
703 1983 805 2034 Oimbris
820 1986 917 2048 vocari,
934 1987 977 2038 hoo
991 1996 1028 2036 est
1043 1994 1170 2038 mortuum
1185 2002 1269 2050 mere,
1286 2003 1364 2054 usque

169 2109 172 2116 .
228 2075 264 2126 ad
282 2073 473 2142 promontorium
496 2069 615 2120 Rubeos:
640 2069 709 2119 ultra
734 2068 818 2120 deiude
848 2072 967 2125 Cronium.
1002 2073 1085 2136 Quem
1110 2074 1195 2124 locum
1215 2081 1284 2126 recte
1299 2073 1364 2124 mihi

228 2163 371 2214 emendasse
379 2160 477 2210 videtur
492 2158 623 2208 Torsterus
638 2159 665 2208 iu
683 2157 903 2211 Observationibus
919 2159 1097 2224 Geographicis
1113 2167 1161 2212 eet.
1179 2183 1190 2202 ι
1201 2159 1279 2210 Ultra
1299 2158 1364 2227 Tity-

228 2247 267 2298 ien
283 2246 369 2296 deinde
397 2244 522 2304 Granium,
540 2243 606 2308 quod
620 2259 701 2294 nomeu
717 2247 770 2296 eius
785 2245 864 2313 pentir
881 2246 965 2312 linquo
981 2246 1107 2312 sipnifieat
1123 2246 1290 2310 congelatum.
1315 2246 1363 2296 Hi·

229 2334 330 2385 bernica
345 2333 432 2396 lingua
447 2330 511 2380 muir
528 2330 611 2378 croinn
628 2330 750 2394 significat
766 2345 835 2382 mare
851 2330 1013 2396 congelatum,
1030 2329 1139 2382 Wallica
1145 2329 1363 2393 nnrnarn‚qu0a

229 2419 391 2485 pronuntiant
406 2415 534 2466 moratorie
551 2417 674 2480 significet
694 2433 761 2466 mare
776 2417 921 2473 mortuum.''
953 2419 1024 2468 Haec
1039 2417 1170 2468 Forsterus
1187 2420 1212 2464 et
1226 2414 1283 2465 loca
1297 2420 1362 2464 uste-

227 2523 298 2568 rum,
325 2504 432 2570 Orphei,
457 2503 572 2566 Dionysii
597 2503 757 2567 Periegetoe,
784 2503 927 2565 Strabonis,
954 2503 1036 2554 Taciti
1060 2503 1087 2552 iu
1113 2498 1249 2551 Germania
1275 2499 1360 2560 affert,

228 2593 276 2642 hoo
301 2590 416 2653 exemplo
441 2590 468 2638 in
494 2589 615 2652 Agricola
639 2607 691 2640 non
715 2592 801 2654 utitur.
826 2589 924 2650 Sensit,
937 2591 1024 2650 credo,
1042 2589 1104 2640 illud
1119 2605 1171 2640 non
1187 2591 1313 2654 pertinere
1329 2591 1362 2640 ad

229 2692 297 2726 mare
318 2674 437 2725 Cronium.
470 2673 524 2724 Nec
536 2679 650 2740 pertinet.
683 2679 751 2728 Nam
766 2678 903 2742 praelectus
918 2676 990 2726 classi
1006 2675 1285 2740 Romanaedispexerat
1294 2677 1362 2742 Thy·

229 2765 280 2826 len,
298 2778 349 2812 nou
366 2761 479 2826 pervenit
498 2761 532 2810 ad
547 2763 627 2825 ipsam
643 2763 751 2827 Thylen.
786 2764 820 2813 Et
836 2776 905 2812 mara
920 2760 1040 2812 Cronium
1057 2769 1110 2811 erat
1125 2761 1281 2822 ultra,trans
1294 2761 1361 2826 Thy·

227 2854 279 2904 len.
313 2851 394 2915 Igitur
419 2849 520 2899 Tacitus
544 2854 642 2897 tantum
658 2849 717 2898 dicit
733 2863 801 2898 mare
817 2848 853 2897 cis
871 2847 971 2911 Thylen
988 2847 1064 2898 fuisse
1076 2847 1177 2913 piprum
1192 2856 1217 2898 et
1230 2863 1310 2912 praee
1325 2864 1361 2898 re·

228 2940 394 3006 migentibus,
418 2953 465 2988 nec
488 2940 564 2986 vento
579 2933 680 2998 quidem
696 2935 788 2994 attolli,
805 2935 875 2984 ouius
887 2935 925 2984 rei
940 2949 1038 3005 caussas
1055 2935 1171 2999 explicat.
1189 2934 1222 2983 In
1239 2933 1360 2986 German.

229 3027 261 3072 45
283 3022 386 3086 legitur:
417 3019 499 3072 Trans
523 3018 629 3072 Suionas
655 3018 727 3070 aliud
740 3036 820 3081 mare,
833 3021 934 3086 piprum
947 3036 978 3069 ao
992 3020 1218 3086 propeimmotum,
1231 3037 1279 3084 quo
1296 3020 1361 3087 cinyi

231 3107 344 3172 cbedique
369 3116 491 3158 terrarum
514 3109 592 3158 arban
617 3106 671 3157 irinc
689 3105 769 3170 fides,
788 3106 853 3172 quod
868 3115 997 3156 extrenum
1014 3104 1124 3156 cadentia
1140 3107 1189 3157 iam
1202 3105 1262 3156 solis
1268 3107 1361 3173 sulpur

229 3194 256 3243 im
281 3201 350 3242 ortus
374 3193 462 3242 edurat
478 3194 540 3244 adeo
557 3193 653 3255 clarus,
670 3201 698 3243 ut
711 3192 796 3242 sidera
810 3192 916 3243 hebetet:
930 3209 1012 3243 sanum
1025 3193 1126 3259 insuper
1139 3191 1238 3253 audiri,
1249 3195 1362 3258 formas

231 3295 277 3344 que
293 3277 403 3328 Deorum
415 3287 440 3328 et
455 3278 541 3328 radies
558 3279 650 3343 eapitis
663 3277 761 3344 adspiei
769 3317 776 3339 ,
790 3279 922 3344 persuasio
938 3277 1034 3330 adiicit.
1067 3279 1126 3330 Hae
1143 3296 1230 3344 usque,
1248 3282 1360 3346 etfama

229 3381 303 3428 uera,
328 3373 421 3416 tantum
439 3373 537 3415 notura.
573 3363 778 3428 Comparantibus
794 3370 925 3429 unamque
940 3364 1024 3416 locum
1037 3365 1064 3415 in
1080 3365 1201 3430 Agricola
1216 3371 1242 3414 et
1258 3364 1360 3416 Germa·

229 3451 272 3501 nia
296 3451 423 3515 apparebit
442 3451 521 3501 maria
544 3465 596 3500 non
620 3465 673 3502 esse
698 3451 792 3501 eadem
818 3449 934 3501 Fortasse
955 3456 980 3500 et
1003 3451 1030 3500 iu
1058 3449 1189 3502 Germania
1209 3451 1359 3516 legendums

234 3534 317 3586 Trans
343 3534 449 3586 Suionas
472 3537 537 3588 iliud
556 3555 635 3600 more,
662 3557 709 3604 quo
735 3538 799 3603 einpi
823 3535 936 3602 cludique
952 3552 989 3602 sq.
1023 3539 1108 3590 Verba
1120 3537 1221 3603 piprum
1236 3553 1268 3586 ac
1277 3553 1360 3603 prope

228 3622 348 3672 immotum
371 3623 533 3684 glossatorem
549 3638 582 3674 ex
594 3623 715 3688 Agricola
729 3625 846 3674 adiecisse
862 3630 930 3688 puto.
963 3622 1059 3672 Nauna
1074 3624 1150 3674 maris
1167 3622 1255 3673 Cranii
1269 3624 1311 3674 rel
1326 3637 1360 3674 ex

230 3709 373 3758 nominibus
388 3710 454 3771 apud
469 3709 581 3759 Plinium
595 3711 654 3760 setis
671 3717 723 3760 erat
738 3711 850 3774 cognita,
867 3716 892 3759 et
908 3709 1063 3772 cognoscitur
1079 3708 1360 3774 exnarratioua,quem

231 3795 334 3844 Tacitus
362 3793 497 3857 subiungit.
542 3794 571 3845 Si
602 3797 662 3860 quid
684 3796 841 3860 praemittere
863 3797 995 3857 voluisset,
1017 3795 1152 3859 scripsisset
1173 3794 1267 3858 potius:
1289 3793 1361 3845 aliud

230 3896 310 3940 marc,
335 3878 510 3944 innavigabile,
536 3879 686 3945 conpetatum
710 3898 740 3930 ac
765 3891 899 3932 mortuum:
922 3889 950 3932 ut
966 3882 1127 3944 distingueret
1143 3895 1159 3929 a
1174 3879 1251 3940 mari,
1267 3880 1295 3929 in
1311 3894 1361 3945 que

230 3968 338 4018 Romani
362 3968 522 4031 navigantes,
547 3981 623 4030 prope
647 3968 679 4016 acl
704 3967 804 4032 ssylen
829 3972 988 4018 accesserant.
1022 3964 1111 4015 Graeci
1134 3971 1224 4014 vocant
1243 3962 1361 4028 asiloque

228 4053 360 4118 πεπηγὸς,
378 4051 497 4118 epieto-r,
524 4051 629 4118 νεκρόν.
663 4053 752 4117 Neque
776 4052 824 4103 hoo
847 4052 931 4102 omisit
947 4051 1084 4102 Forsterus.
1120 4050 1211 4102 Omisit
1226 4052 1359 4115 pulcherri-

228 4156 298 4190 mum
307 4139 435 4189 Plutarchi
442 4140 539 4200 locum,
556 4143 644 4192 Vitam
657 4139 749 4190 Thesei
764 4139 800 4190 sic
816 4139 951 4189 ordientls:
964 4137 1077 4205 Ὥσπερ
1093 4136 1121 4185 ἐν
1138 4144 1198 4193 τοῖς
1213 4137 1360 4204 γεογραφῦι

228 4242 270 4280 ace
294 4223 320 4273 oi
343 4223 476 4293 ἱστορικοὶ
502 4227 537 4275 τὰ
554 4226 742 4292 διαφεύγοντα
759 4227 810 4291 τὴν
826 4223 923 4290 γνῶσιν
942 4223 1033 4273 αὐτῶν
1049 4229 1109 4282 τοῖς
1126 4223 1251 4289 ἐσχάτοις
1266 4223 1359 4292 μέρεσι

228 4307 283 4356 τῶν
308 4307 426 4376 πινάκων
446 4311 625 4378 πιεζοῦντες,
651 4310 743 4366 alciae
768 4307 1004 4377 παραγράφουσιν,
1023 4305 1075 4355 ὅτι·
1110 4307 1169 4369 „To
1186 4305 1212 4355 δ’
1231 4306 1359 4357 ἐπέκεινα

228 4396 308 4452 θῖνες
332 4393 445 4464 ἄνυδροι
467 4398 515 4448 nal
539 4397 703 4467 θηριώδεις,
728 4397 745 4461 ἢ
772 4394 858 4461 πηλὸς
884 4393 995 4461 ἀϊδνὴς,
1021 4393 1038 4459 ἢ
1062 4393 1207 4444 Sacarum
1230 4393 1358 4460 νρύος,,ἣ

230 4475 349 4541 πέλανος
365 4479 512 4544 πεπηγός.”
530 4487 554 4532 et
570 4482 691 4532 Varronis
708 4482 739 4531 ds
757 4479 788 4531 R.
805 4480 834 4532 R.
853 4478 876 4530 I.
894 4482 933 4528 22.
960 4474 1022 4528 Sunt
1038 4478 1147 4542 regiones
1163 4474 1226 4530 inter
1243 4476 1358 4528 circulum
