3134 5310
621 455 626 463 ⁸
662 494 841 544 asareem.
1282 477 1323 542 ta

174 663 254 750 quia
287 661 543 751 pervidebatur.
591 662 685 728 Haud
710 684 833 750 semper
856 673 939 726 erret
962 660 1067 738 fame3
1096 661 1265 751 aliquando
1289 672 1322 726 et

175 768 285 856 elegit.
335 764 455 832 Consul
487 770 629 857 egregiae
652 782 721 833 turn
745 769 810 856 spei
834 768 933 832 filiam
956 767 1063 832 iuveni
1085 767 1163 832 mihi
1185 767 1321 856 despon-

171 1013 230 1072 fici,
247 1014 315 1076 qnod
331 1011 441 1075 intelligi
449 1011 728 1072 videatur;huiusmodi
774 1029 810 1062 me
838 1029 947 1063 rumores
971 1013 1127 1078 afferuntur,
1152 1029 1199 1062 oon
1223 1011 1319 1071 dubito,

173 1094 244 1142 loeas
268 1108 320 1141 non
347 1093 451 1152 iniuria,
472 1101 545 1156 puto,
563 1093 654 1144 habere
671 1097 728 1145 licat
772 1095 806 1144 mi
830 1093 969 1144 dulcissime
997 1092 1073 1144 Tiro.-
1095 1095 1279 1159 praestaboque
1295 1101 1321 1141 et

175 1181 311 1237 suspectos.
347 1174 421 1222 Idem
437 1175 557 1238 interpres
565 1177 667 1225 tandem
675 1178 727 1240 ipsa
773 1176 868 1235 enitar,
885 1184 913 1224 ut
929 1175 955 1224 in
971 1175 1025 1224 dies
1041 1173 1320 1239 mapismaqiequelroec

172 1257 301 1318 agnoscit,
323 1269 398 1304 nsum
415 1256 526 1306 adverbii
542 1271 588 1319 pro
604 1259 725 1307 adiectivo
771 1271 873 1306 nascens
890 1256 920 1305 de
933 1271 968 1304 me
978 1255 1118 1320 duplicetur
1126 1255 1218 1320 opinio.
1228 1255 1320 1304 Caesar

171 1337 333 1394 attributivo,
349 1336 473 1386 nitentem
490 1337 599 1400 elliptica
614 1339 724 1398 ratione,
772 1339 804 1386 B.
831 1337 860 1387 C.
883 1338 937 1386 111.
963 1341 1003 1385 ⁵6.
1029 1333 1164 1400 Pompeius
1180 1343 1208 1383 ut
1218 1336 1320 1399 samam

171 1417 201 1464 h.
227 1417 246 1464 l.
271 1417 325 1465 fieri
348 1417 424 1480 paulo
449 1417 648 1478 insolentiorem,
665 1420 725 1483 quia
770 1426 795 1466 et
819 1418 954 1482 opinionem
978 1417 1096 1466 hominum
1124 1423 1223 1465 teneret.
1259 1417 1317 1465 Liv.

169 1497 323 1559 praepositio
347 1496 383 1546 ad
403 1503 440 1546 est
457 1498 581 1548 emuncta.
617 1499 668 1548 Sed
685 1499 724 1548 lac
771 1497 859 1546 XLV.
883 1503 923 1547 38.
942 1495 1054 1547 Militum
1071 1497 1150 1562 maqis
1165 1498 1190 1547 in
1206 1497 1250 1546 loc
1266 1498 1319 1546 uni·

169 1591 246 1626 mum
262 1592 314 1626 non
332 1578 722 1643 aninsolememquieiuvmt
769 1577 882 1641 vertique
903 1578 993 1644 populi
1008 1577 1117 1628 Rotnani
1127 1581 1206 1644 soma
1222 1578 1326 1643 aqitur:

172 1657 227 1719 Qui
251 1666 309 1708 ante
333 1660 475 1722 legitimam
500 1667 597 1724 tempus
619 1663 723 1712 aPrin·
770 1655 882 1707 Primum
907 1675 936 1706 ne
961 1657 1067 1708 invidiae
1089 1667 1114 1708 et
1130 1660 1225 1723 inqrati
1240 1657 1316 1708 animi

170 1741 228 1804 cipe
242 1747 372 1788 revocatur
390 1742 422 1788 ad
438 1754 508 1802 spem
517 1743 723 1800 consulatus,hic
769 1737 888 1786 adversus
913 1738 1075 1788 clarissimum
1101 1755 1217 1803 quemque
1242 1741 1317 1790 cioern

171 1821 329 1869 consulatum
338 1821 392 1869 sine
400 1821 476 1869 dubio
484 1823 642 1872 nanciscitur.
653 1821 723 1872 Sem·
768 1819 903 1884 opinionem
917 1819 1013 1868 tabeat.
1048 1821 1098 1869 Iul.
1117 1820 1223 1884 Capitol.
1241 1821 1315 1870 inM.

171 1916 216 1965 per
238 1907 370 1950 revocatio
384 1903 537 1965 aliquamdiu
554 1909 611 1952 ante
629 1905 723 1954 Kalen·
770 1899 867 1948 Anten-
887 1905 925 1948 12.
940 1898 1125 1964 Cumquendam
1138 1899 1317 1960 Veteraainum,

172 1983 217 2030 das
234 1981 378 2040 Ianuarias,
395 1982 444 2030 nisi
461 1983 722 2033 sufficiendussitcon·
763 1982 855 2043 famae
880 1979 1054 2041 detestandae,
1071 1981 1182 2030 honorem
1194 1991 1318 2047 petentem

173 2063 222 2112 suli
245 2067 353 2111 mortuo.
389 2061 437 2111 Cui
462 2064 528 2112 bono
548 2072 678 2114 revocatur
694 2072 723 2114 ut
768 2068 886 2119 moneret,
911 2069 939 2108 ut
964 2076 990 2108 ee
1014 2063 1044 2110 ab
1061 2062 1214 2128 opinionibus
1226 2061 1318 2128 populi
1374 2125 1378 2135 Ι

172 2143 257 2192 statim
281 2143 440 2191 consulatum
465 2159 563 2207 sperare
579 2146 721 2196 iuberetur?
767 2140 913 2189 uindicaret.
948 2142 1063 2192 landem
1096 2157 1180 2192 versus
1205 2145 1317 2194 senarius

174 2221 204 2272 Si
228 2237 280 2272 non
305 2223 402 2281 statim,
428 2223 445 2271 i.
464 2238 485 2272 e.
504 2241 571 2274 anno
587 2229 631 2290 qui
647 2227 721 2277 insta.
771 2220 850 2270 Haud
873 2237 967 2286 semper
993 2224 1163 2287 urreisand,
1181 2224 1320 2288 aliquando

172 2305 228 2362 bat,
252 2305 323 2352 fieret
347 2305 446 2362 consul,
472 2295 603 2355 duodecim
624 2323 722 2359 menses
768 2311 792 2351 et
816 2303 903 2367 clepit,
928 2305 955 2352 in
980 2319 1030 2368 quo
1055 2303 1129 2367 clepit
1152 2306 1253 2368 entique
1269 2321 1315 2370 pro

171 2379 283 2448 integros
299 2392 442 2448 exspectare
451 2387 563 2437 debebat.
586 2389 654 2438 inm
672 2391 722 2438 Ve-

171 2467 301 2530 spasianus
319 2465 466 2530 Agricolam
482 2469 596 2515 nondum
611 2483 721 2517 revocas-

171 2553 219 2596 set.
253 2547 367 2596 Dalanda
390 2561 480 2596 censeo
505 2563 536 2596 ao
560 2549 657 2608 statim,
674 2549 721 2598 for·

170 2633 238 2699 tapso
262 2641 344 2678 errore
367 2628 475 2688 librarii,
493 2629 544 2678 iam
560 2629 644 2677 statim
659 2627 721 2678 Bri-

172 2708 274 2758 tanniae
289 2708 457 2772 respicientis,
473 2708 515 2758 hic
531 2711 628 2772 scripta.

204 2787 287 2836 Haud
302 2803 397 2853 semper
412 2790 576 2853 erratsama,
586 2789 720 2853 aliquando

169 2877 195 2940 et
220 2868 302 2932 clepit.
347 2868 460 2918 Coniicio
485 2870 532 2918 ista
557 2885 590 2920 ex
606 2871 720 2934 margine

168 2951 219 2998 hnc
243 2936 364 2999 translata
380 2963 441 2998 esse.
475 2952 532 3000 Iam
546 2951 656 3014 primum
672 2951 720 2998 eie-

167 3033 292 3091 misma
299 3033 407 3080 narratio
416 3031 504 3080 melius
513 3032 635 3080 cohaeret.
652 3031 720 3078 Tum

168 3113 297 3162 sententia
313 3111 366 3174 ipsa
377 3127 428 3161 non
441 3119 493 3161 arat
502 3112 652 3170 necessaria,
662 3125 719 3160 cam

167 3208 234 3242 mox
249 3197 376 3256 sequatur,
393 3193 476 3242 atatim
485 3191 638 3242 Britanniae
643 3207 718 3257 proe-

163 3273 268 3338 positus
293 3281 342 3331 est,
367 3287 447 3338 neque
472 3289 517 3324 sao
535 3275 591 3323 loco
608 3274 716 3337 ponitur.

167 3355 272 3404 Veritas
298 3354 367 3402 enim
391 3356 543 3413 sententiae,
556 3356 657 3419 samam
673 3370 719 3402 non

166 3451 263 3500 semper
280 3450 379 3494 errare,
397 3450 464 3484 anno
481 3437 582 3485 demum
597 3442 718 3498 postcon-

167 3517 268 3565 firmata
293 3522 339 3565 est.
374 3517 444 3564 Hinc
468 3517 524 3566 leve
548 3523 717 3574 momentum,

165 3597 235 3659 quod
251 3596 377 3645 sententie
392 3597 443 3644 iam
457 3612 524 3646 nunc
540 3599 627 3654 habet,
642 3597 718 3644 etiam

164 3677 247 3726 levius
271 3677 308 3725 fit.
348 3677 447 3728 Deinde
464 3679 565 3727 Tacitus
582 3677 718 3739 scripsisset

165 3757 236 3806 liaud
258 3771 353 3821 semper
377 3766 446 3806 errat
462 3758 557 3822 opinio,
574 3759 633 3821 quia
648 3773 717 3821 prae·

163 3837 240 3887 cessit
272 3837 402 3886 comitante
434 3838 554 3902 opinione.
590 3839 717 3888 Mutatum

163 3919 350 3968 substantivum
383 3919 492 3967 ostendit
524 3920 586 3967 haec
616 3920 716 3968 aliunde

163 4004 273 4064 sumpta.
290 3997 372 4046 Fama
386 4006 411 4046 et
427 3999 523 4063 opinio,
541 4014 592 4048 non
609 4003 716 4050 maltum

162 4079 268 4144 quidem
292 4079 423 4138 differunt,
448 4081 475 4128 in
501 4080 614 4144 opinione
630 4088 714 4130 temen

161 4160 221 4228 plns
239 4165 276 4208 est
291 4174 368 4222 qnam
384 4161 411 4208 in
423 4161 510 4224 sama.
528 4161 597 4224 Ergo
614 4163 715 4212 coniun-

161 4245 271 4310 guntun,
298 4243 324 4288 et
348 4240 431 4304 opinio
448 4243 604 4304 postponitur
615 4245 715 4306 famae.

163 4319 253 4370 Cicero
286 4321 366 4383 Epist.
393 4323 425 4370 ad
449 4321 540 4371 Famil.
568 4311 647 4372 XVI.
675 4329 714 4373 21.

163 4397 261 4448 Gratas
287 4401 333 4450 riti
349 4409 525 4466 exoptatosque
543 4419 602 4461 esse,
622 4403 664 4464 qui
681 4403 715 4451 ‘de

768 2383 849 2447 eliqit,
875 2385 957 2446 prodit
981 2399 1112 2446 gnomam,
1130 2398 1164 2433 ex
1180 2387 1253 2447 polita
1270 2385 1314 2434 ali*-

767 2479 817 2526 qno
842 2464 868 2511 in
890 2464 1002 2524 maugina
1015 2465 1129 2525 positam.
1165 2465 1240 2514 Tales
1257 2471 1316 2515 sunt

767 2557 874 2604 gnomaa
899 2544 1081 2603 monostichon,
1105 2560 1130 2593 v.
1156 2560 1177 2594 c.
1204 2560 1243 2596 ax.
1260 2546 1314 2596 Me·-

766 2625 876 2683 nandro,
892 2625 922 2672 P.
942 2623 1020 2688 Syro,
1038 2626 1092 2674 aliis
1109 2629 1314 2693 exemptamque

767 2705 812 2752 bns
830 2703 992 2754 Grammatici
1009 2706 1174 2770 Florilegium
1182 2710 1312 2759 ornabant.

766 2781 909 2848 Aliquando
934 2795 959 2834 et
981 2785 1066 2850 clepit,
1083 2795 1111 2836 nt
1127 2790 1154 2838 in
1171 2804 1264 2852 gnoma
1281 2790 1312 2838 P.

767 2863 839 2927 Syri:
871 2865 949 2914 Casae
970 2882 1130 2932 quamsaepe
1148 2871 1251 2929 transit,
1268 2869 1314 2920 ali·

766 2945 862 3007 mando
879 2946 978 2994 inuenit.
1012 2947 1088 2996 Forte
1105 2949 1205 3006 accidit,
1215 2963 1313 2998 ancon*

766 3025 835 3084 silio,
860 3033 889 3073 ut
914 3027 944 3074 P.
971 3025 1046 3075 Corn.
1064 3026 1082 3074 f.
1100 3028 1233 3088 Hooftiua,
1250 3029 1277 3078 h.
1294 3030 1313 3078 l.

764 3111 873 3156 metram
898 3105 1050 3155 servaverit?
1075 3105 1140 3158 Nion
1157 3109 1232 3174 altqd
1247 3109 1314 3160 doolt

765 3185 795 3234 de
819 3185 915 3260 Facem,
940 3186 1056 3251 zomwijls
1076 3190 1184 3240 verleiest
1207 3196 1242 3256 aij
1258 3191 1313 3242 cole.

766 3268 841 3316 Tales
862 3275 946 3318 aumm
970 3271 1108 3320 sententiae
1133 3279 1158 3321 et
1174 3272 1201 3320 in
1217 3274 1313 3336 graecis

763 3350 843 3411 poetis
875 3351 1004 3412 leguntur,
1039 3351 1208 3415 Romanisque
1239 3367 1312 3416 saepe

764 3434 835 3476 erant
859 3431 983 3492 exemplo.
1018 3431 1123 3479 Hesiod.
1150 3431 1225 3493 Oper.
1254 3435 1309 3482 761.

765 3510 846 3572 Φήμη
868 3507 894 3556 d’
926 3509 1002 3566 aileu,-
1023 3509 1140 3569 πάμπαν
1157 3509 1313 3561 ἀπόλλυται

764 3591 862 3654 ἥντινα
878 3588 978 3638 πολλοὶ
995 3589 1236 3658 Adclamationes.
1246 3595 1282 3645 H.
1291 3598 1309 3646 l.

763 3673 841 3721 utitur
859 3671 965 3723 Casanb.
982 3676 1014 3724 ad
1032 3674 1192 3739 Spartian.in
1202 3677 1310 3728 Adrion.

763 3759 787 3802 l.
819 3751 965 3819 Corrupisse
990 3771 1042 3804 eum
1071 3755 1180 3806 Traiani
1195 3757 1311 3817 libertos,

762 3834 844 3898 opinio
861 3835 938 3884 multa
948 3837 1071 3898 firmauit.
1094 3835 1191 3902 Opinio,
1200 3841 1235 3888 ait
1244 3877 1250 3898 ‚
1259 3855 1311 3890 non

762 3922 799 3963 eet
822 3914 903 3976 etto,
931 3919 974 3966 sed
999 3918 1074 3982 φήμη
1091 3917 1125 3978 ἢν
1141 3916 1241 3967 πολλοὶ
1259 3937 1314 3984 φη-

761 3995 896 4060 utineam.
925 3999 958 4046 In
974 4013 1026 4048 uno
1040 3999 1123 4048 Vatic.
1148 4000 1221 4058 haec,
1247 4016 1312 4064 quae

760 4079 882 4128 eiicienda
905 4079 1005 4142 patavi,
1022 4079 1166 4142 parenthesi
1183 4087 1254 4129 erant
1271 4083 1308 4132 in·

761 4159 836 4208 clusa.
872 4159 980 4210 Wexius
996 4160 1060 4207 mihi
1076 4161 1221 4219 assentitur,
1238 4162 1310 4227 eique

760 4239 822 4288 haec
846 4252 937 4301 gnome
962 4243 1015 4288 tam
1041 4239 1099 4288 trita
1123 4247 1148 4288 et
1164 4242 1309 4304 quotidiana

760 4320 871 4378 videtu,
897 4324 925 4368 ut
949 4319 995 4367 vix
1015 4323 1085 4382 putet
1101 4321 1133 4370 ab
1149 4321 1203 4385 ipso
1221 4325 1309 4377 Tacito

762 4401 883 4460 additam,
910 4399 1055 4463 praesertim
1081 4415 1138 4451 cum
1155 4403 1218 4453 nihil
1235 4405 1308 4456 faeiat

1198 4504 1204 4534 l
