3130 5308
241 535 283 596 96
674 545 825 595 connsun
850 543 961 590 rscrrr

240 715 443 792 modestiam,
479 715 626 782 disiectos
659 737 804 782 coercere
817 739 826 795 ;
854 717 923 781 loca
944 713 1052 779 castris
1076 712 1142 800 ipse
1169 733 1303 802 capere,
1329 739 1385 783 ae·

238 822 354 886 stuaria
389 842 426 886 ac
449 821 539 886 siloas
563 823 628 911 ipse
654 833 872 911 praetentnre3
900 833 932 886 et
956 818 1037 884 nihil
1061 817 1189 882 interim
1214 819 1301 908 apud
1325 821 1384 886 bo·

239 936 299 992 stes
332 925 475 1014 quietum
504 927 591 1014 pati,
618 927 787 1015 quominus
811 926 920 991 subitis
944 921 1127 991 excursibus
1150 923 1381 1011 popularetur:

240 1040 334 1118 atque
369 1029 424 1094 ubi
460 1031 531 1095 satis
555 1043 730 1109 terruerat,
756 1031 913 1120 parcendo
938 1052 1044 1095 rursus
1066 1028 1274 1093 invitamenta
1297 1031 1385 1118 pacis

237 1217 361 1281 quaedam
378 1217 410 1266 ad
424 1217 515 1266 Horat.
534 1216 618 1268 Carm.
635 1235 660 1283 p.
679 1222 745 1280 277,
763 1221 788 1267 et

239 1311 313 1362 supra
329 1297 361 1346 ad
379 1295 466 1360 Agric.
484 1313 537 1361 cap.
558 1303 595 1348 10.
613 1300 689 1350 Adde
697 1301 786 1350 Burm.

239 1379 272 1426 ad
297 1376 377 1428 Gratii
395 1379 491 1442 Cyneg.
509 1385 556 1438 30,
575 1387 599 1429 et
617 1387 676 1430 493.
694 1388 719 1431 et
736 1381 787 1429 Va·

239 1458 283 1508 ler.
301 1459 386 1510 Flacc.
405 1461 454 1509 VI.
473 1465 530 1508 223.
546 1457 789 1524 Semideapeuetrice

244 1536 341 1604 Tupes;
368 1540 409 1588 cai
430 1540 541 1605 plurima
558 1539 788 1605 silvis,Perur'qilat

240 1627 350 1668 materna
366 1637 449 1680 soror,
468 1621 594 1684 cultusque
604 1621 790 1685 laborat‚quod

240 1707 307 1750 recte
315 1701 503 1765 interpretatur:
516 1724 527 1744 r
537 1703 635 1751 assidue
644 1709 668 1752 et
685 1702 789 1765 diligen·

241 1789 279 1831 ter
288 1783 356 1845 operi
364 1781 538 1846 invigilabat.''
551 1783 591 1832 De
601 1782 695 1833 Graeco
704 1781 791 1839 πολὺς

242 1869 266 1912 et
282 1864 337 1923 alii,
346 1869 371 1912 et
379 1863 505 1913 Valcken.
515 1864 651 1928 diligenter
661 1867 693 1914 ad
702 1866 788 1929 Eurip.

241 1945 346 2009 Hippol.
364 1950 421 1995 443.
438 1943 548 2013 Κύπρις
564 1945 616 2014 γὰρ
634 1945 664 1994 orl
674 1947 791 2014 φορητὸς

241 2027 276 2090 ἢν
297 2023 385 2090 πολλὴ
404 2023 466 2090 ῥυῇ,
483 2030 551 2092 quod
567 2029 689 2080 Horatius
706 2029 788 2080 Cerm.

241 2108 264 2157 I.
294 2113 331 2157 19.
353 2108 508 2158 reddendum
523 2110 620 2172 putavit
637 2107 669 2158 In
685 2125 721 2158 me
739 2116 791 2158 tota

242 2203 316 2236 ruens
345 2185 428 2235 Venus
448 2202 500 2236 non
516 2188 601 2238 multa.
618 2190 718 2238 Ennius
734 2205 791 2239 con·

242 2274 281 2318 tra
306 2269 371 2332 apud
397 2267 511 2318 Ciceron.
529 2270 560 2318 de
576 2270 690 2319 Diuinat.
709 2272 732 2320 1.
751 2276 790 2321 2ο.

245 2347 397 2414 Quamquam
419 2348 496 2398 multa
512 2363 598 2398 marrus
615 2349 651 2398 od
663 2350 725 2400 coeli
742 2367 792 2400 coe·

243 2431 300 2480 rula
325 2430 416 2497 templo
441 2428 577 2480 Tendebam
603 2429 747 2491 lacrimans,
770 2441 793 2481 et

242 2510 333 2561 blanda
357 2527 415 2560 uoce
438 2513 565 2571 vocabam,
588 2513 677 2562 melius
695 2527 792 2577 expres·

244 2593 276 2641 sit
294 2591 491 2642 Callimacheum
508 2593 544 2641 H.
561 2593 637 2642 Dian.
654 2599 694 2645 27.
704 2593 793 2660 πολλὴ

246 2669 278 2721 di
283 2673 373 2738 μάτην
378 2671 547 2722 ἐτανύσσατο
554 2676 792 2739 qet'par‚utRuhnk.

245 2756 324 2818 Idpist.
344 2755 405 2806 Crit.
424 2756 569 2820 11.p.142
588 2755 731 2804 emendavit
747 2771 793 2819 pro

244 2834 355 2892 aalide.
381 2837 500 2900 Agnosco
515 2837 640 2887 iudicium
655 2843 792 2901 poetarum.

243 2919 361 2970 Fortasse
393 2919 453 2968 hinc
486 2918 577 2980 corrigi
602 2923 683 2980 potest
707 2932 793 2967 versus

245 3001 373 3052 Theocriti
390 3002 483 3066 Eidyll.
502 3000 639 3050 XXVIII.
656 3003 693 3048 ll.
710 2995 795 3064 ³de

244 3099 286 3138 τις
311 3081 368 3130 tort
395 3081 457 3130 llas
482 3079 704 3148 fiapvrobrar033
724 3066 741 3144 ἦ
759 3078 793 3145 ῥα

244 3161 388 3228 albumen
405 3160 453 3210 Ἦ
467 3161 502 3226 ῥα
518 3160 606 3211 πολύν
615 3166 666 3210 τιν’
689 3161 792 3228 imorem

245 3243 354 3294 Cobetus
379 3245 406 3293 in
431 3245 556 3292 Mnemos.
571 3245 621 3294 vol.
640 3243 675 3292 X.
693 3259 717 3307 p.
735 3249 791 3295 357.

244 3325 354 3390 legebat:
373 3313 390 3390 ἦ
408 3321 496 3374 πολὺν
513 3313 587 3373 οἶνον
604 3321 709 3388 suere„
728 3326 793 3374 llllihi

244 3408 271 3456 in
293 3414 404 3458 mentem
420 3413 535 3458 venerat:
552 3393 570 3470 ἦ
587 3402 621 3470 ῥα
638 3403 724 3462 πολύς
740 3407 793 3452 τιν·

245 3487 350 3548 ἔπινες
375 3487 466 3537 multus
491 3487 597 3552 aliquem
614 3488 716 3538 bibisti!
735 3489 793 3538 Mos

243 3570 352 3618 amicam
368 3569 483 3628 bibendi,
501 3576 583 3618 notus.
603 3571 731 3620 Theocrit.
750 3570 792 3618 Ei·

245 3649 306 3712 dyll.
325 3648 403 3697 XIV.
424 3650 589 3698 18.Martia1.
607 3653 630 3700 I.
642 3655 681 3701 72.
691 3649 793 3700 Naeuia

244 3745 288 3778 ser
312 3725 420 3794 cyathis,
447 3737 536 3792 septem
562 3726 661 3778 Iustina
687 3730 791 3779 bibatur.

246 3809 327 3874 Saepe
342 3811 415 3874 plura
435 3810 547 3868 nomina,
564 3823 637 3872 saepe
654 3810 722 3876 idem
737 3811 792 3873 plus

244 3893 321 3943 semel
346 3892 476 3951 bibebant,
495 3891 566 3939 avide
583 3889 673 3952 igitur,
690 3890 792 3952 cupide,

244 3973 314 4023 malti
329 3974 455 4022 bibebant.

277 4052 346 4104 Loca
371 4052 462 4102 castris
479 4051 533 4116 ipse
550 4067 646 4118 capere.
665 4052 726 4101 Non
742 4066 792 4101 me·

205 4145 208 4150 ’
243 4137 363 4185 tatoribus
388 4142 431 4184 aut
455 4133 585 4198 praefectis
602 4139 739 4182 ceutronum
755 4147 791 4181 re·

242 4217 379 4282 linquebat.
421 4218 454 4266 In
479 4217 535 4267 loco
559 4216 646 4265 castris
671 4215 792 4278 capiendo

243 4311 336 4360 magna
351 4299 406 4348 laus
422 4299 491 4348 ducis
508 4295 706 4348 cernebaturch.
718 4295 792 4346 Sabe·

832 1232 854 1268 c.
874 1223 913 1268 lo.
931 1217 1008 1267 locum
1024 1215 1115 1265 castris
1129 1213 1273 1279 capientem.
1292 1213 1389 1266 Omnia

833 1300 893 1359 isto,
919 1300 954 1349 ibi
971 1300 1001 1348 de
1019 1297 1134 1347 Adriano
1151 1303 1267 1358 narrata,
1284 1312 1384 1362 compa·

833 1381 883 1429 rari
899 1395 957 1429 cum
972 1381 999 1428 h.
1012 1381 1030 1428 1.
1048 1377 1130 1427 Taciti
1147 1384 1283 1426 merentur.

867 1457 946 1525 Apud
969 1459 1049 1508 bostes
1066 1459 1173 1522 quietum
1186 1457 1254 1523 pati.
1272 1457 1387 1522 Apparet

834 1543 944 1590 studium
960 1541 1076 1590 imitandi
1092 1538 1207 1588 Sallustii
1224 1541 1257 1589 B.
1275 1541 1333 1604 Ing.
1343 1545 1389 1591 86.
1427 1568 1432 1576 ·

836 1619 888 1670 Sed
903 1620 1006 1671 Marius
1022 1621 1126 1686 impiqre
1136 1619 1322 1686 prudenterque
1331 1638 1388 1672 sao·

835 1719 888 1752 rum
904 1711 928 1751 et
944 1703 1047 1752 bostium
1063 1717 1104 1750 res
1117 1702 1219 1766 pariter
1237 1701 1388 1761 attendere,

836 1798 978 1848 aopuoscere
995 1781 1125 1846 quidboni
1142 1781 1253 1847 utrisque
1270 1791 1315 1832 aut
1332 1799 1390 1832 eon·

836 1875 877 1918 tra
907 1873 983 1924 esset,
1009 1862 1141 1928 explorare
1167 1863 1258 1913 itinera
1283 1879 1403 1929 reptant,¹

838 1946 942 1996 consilia
966 1953 989 1994 et
1013 1944 1118 1994 insidias
1142 1945 1392 2002 antemuranum

836 2027 906 2094 apud
929 2043 955 2075 se
980 2026 1117 2086 remissum,
1142 2041 1217 2090 neque
1244 2026 1314 2092 apud
1329 2026 1391 2078 illos

837 2119 914 2162 tutum
928 2107 994 2174 poti.

854 2188 1003 2246 Quoruinus
1020 2185 1108 2237 subitis
1125 2187 1268 2238 excursibus
1280 2188 1390 2254 popula·

837 2280 915 2320 retur.
942 2272 975 2320 In
1001 2271 1085 2319 Vatic.
1110 2268 1136 2318 A
1152 2269 1295 2335 popularet.
1330 2271 1392 2320 Hoo

838 2354 923 2413 credo,
946 2358 983 2402 est
996 2350 1156 2416 popularem.
1174 2351 1291 2401 Fortasse
1304 2368 1388 2416 popu·

839 2435 957 2485 iurentur.
990 2431 1029 2482 De
1053 2433 1130 2481 verbo
1156 2434 1237 2482 activo
1259 2431 1388 2497 populare

838 2518 940 2578 interpr.
966 2515 998 2562 ad
1022 2512 1114 2563 Caesar
1138 2514 1170 2562 B.
1197 2512 1228 2563 G.
1256 2514 1322 2563 VII.
1347 2517 1389 2564 77.

840 2597 911 2648 Serv.
929 2597 961 2645 ad
977 2593 1045 2644 Aen.
1063 2595 1115 2644 IV.
1133 2601 1190 2645 403.
1208 2591 1319 2644 Acerras
1337 2611 1392 2646 cum

835 2677 966 2744 populant.
999 2678 1119 2741 uentique
1148 2679 1224 2726 dixit:
1256 2690 1317 2726 nam
1342 2677 1393 2728 hoo

838 2762 943 2809 verbum
976 2759 1041 2823 apud
1069 2764 1166 2808 veteres
1190 2757 1299 2806 activum
1323 2757 1392 2817 fuit,

839 2856 905 2890 nunc
921 2847 1019 2890 tantum
1035 2840 1162 2902 deponens
1177 2837 1239 2889 est.”
1256 2837 1337 2888 Plura
1355 2839 1392 2888 ibi

840 2924 928 2971 Brum.

873 2999 1036 3052 Invitameuta
1048 3001 1124 3067 pacis
1140 3009 1272 3052 ostentare.
1290 3001 1323 3050 In
1337 3001 1390 3052 Va·

838 3084 879 3133 tic.
904 3083 1065 3132 irritamenta.
1087 3084 1219 3133 Acidalins
1238 3083 1390 3132 emendavit.

838 3162 949 3214 Irritare
965 3171 1002 3214 est
1010 3166 1170 3230 cupiditatem
1177 3164 1392 3214 vehementiorem

838 3259 952 3305 movere,
969 3245 1089 3304 invitare,
1106 3246 1236 3295 leniorem.
1255 3245 1391 3296 Sententia

838 3327 887 3376 loci
912 3327 1057 3390 plerumque
1080 3327 1202 3386 ostendit,
1219 3327 1342 3376 meliusne
1357 3327 1391 3376 sit

837 3406 889 3469 legi
905 3406 1060 3455 irritamenta
1078 3421 1109 3454 an
1127 3407 1295 3458 invitamenta.
1312 3406 1390 3471 Agri·

838 3487 894 3536 cola
919 3488 1056 3538 Britannos
1078 3489 1166 3538 subitis
1183 3489 1329 3538 excursibus
1345 3503 1389 3552 po

838 3569 981 3632 palabatur:
1002 3570 1045 3618 ubi
1062 3570 1122 3618 satis
1138 3575 1273 3627 terruerat,
1291 3581 1390 3618 eoram·

838 3665 886 3714 que
912 3651 974 3700 iram
991 3651 1097 3714 amplius
1111 3651 1212 3700 irritare
1229 3649 1332 3698 nolebat
1346 3663 1391 3712 po·

838 3730 960 3793 palando,
977 3745 1063 3779 rursus
1082 3733 1208 3795 parcendo
1225 3730 1390 3780 invitabotad

837 3825 933 3874 pacem.
956 3809 1062 3860 Terrore
1078 3811 1266 3862 excursionibus
1280 3816 1304 3860 et
1313 3825 1391 3873 popu-

837 3893 926 3951 lando,
942 3893 1083 3956 oppositum
1090 3893 1298 3952 babet,invitere
1307 3892 1391 3954 adpa-

838 3987 893 4022 oem
917 3974 1050 4040 parcendo.
1074 3974 1117 4022 Ex
1133 3974 1178 4022 tali
1194 3979 1304 4030 terrore,
1321 3973 1347 4020 vi
1365 3978 1391 4020 et

838 4055 913 4104 armis
938 4055 1044 4114 iniecto,
1065 4055 1184 4104 Britanni
1207 4058 1332 4103 ostentata
1352 4052 1391 4102 vi-

838 4136 912 4185 ctoris
920 4135 1061 4194 clementia,
1069 4136 1151 4198 magis
1159 4134 1303 4192 irritantur,
1312 4147 1390 4196 quam

838 4217 971 4267 irritantur
988 4218 1020 4265 ad
1027 4217 1189 4280 cupiditatem
1197 4214 1276 4278 pacis.
1290 4214 1316 4262 N
1317 4220 1390 4264 atara

838 4299 943 4362 oppositi
967 4298 1057 4347 clarius
1082 4297 1192 4347 cernitur
1213 4295 1240 4343 in
1258 4294 1390 4358 exemplo,

243 4376 307 4426 lium
322 4380 355 4426 ad
371 4379 469 4442 Hygia.
486 4382 518 4430 de
536 4380 682 4430 Castramet.
699 4394 724 4443 p.
736 4383 791 4428 132.
837 4382 904 4454 quod
921 4386 958 4429 est
974 4380 1040 4443 apud
1056 4379 1146 4428 Iustin.
1166 4376 1273 4428 XXXI.
1293 4379 1316 4426 7.
1334 4375 1389 4424 An·

246 4455 392 4521 Spartianus
407 4461 491 4510 laudat
508 4460 651 4511 Adriannm
660 4459 792 4512 Caesarem
837 4462 933 4512 tiochus
957 4462 1052 4523 legatos
1077 4475 1164 4524 paoem
1187 4464 1300 4528 petentes
1317 4459 1390 4510 mise·
