3134 5310
246 515 288 578 68
658 525 810 572 ooantcrr
835 524 947 570 rnerrr

247 697 317 761 fuit.
365 696 509 761 Bomitae
543 704 670 782 gentes,
708 693 792 781 eapti
827 714 934 780 reges,
961 703 992 754 et
1015 703 1205 758 monstratus
1229 693 1300 760 fatis
1326 695 1393 761 Ve-

250 803 420 891 spasianus.

293 906 379 973 XIV.
418 903 638 970 Consularium
674 903 793 990 primus
826 901 926 965 Aulus
951 901 1091 966 Plautius
1114 906 1325 992 praepositus,
1351 927 1392 970 ac

247 1011 380 1076 subinde
415 1009 556 1076 Ostorius
589 1007 745 1095 Scapula,
782 1018 915 1094 uterque
951 1006 1033 1072 bello
1057 1009 1220 1098 egregius,
1246 1009 1391 1076 redacta·

247 1128 343 1205 taque
366 1115 519 1204 paulatim
543 1115 575 1177 iu
599 1112 731 1177 formam
756 1112 934 1199 provinciae
958 1114 1180 1201 proximapurs
1198 1115 1391 1180 Britanniae.

295 1355 368 1412 Quod
390 1356 487 1406 initiam
508 1365 625 1405 uenturae
641 1371 696 1404 moa
706 1357 794 1419 sortu·
840 1354 985 1417 scripseram
1009 1356 1036 1404 in
1056 1355 1116 1404 adit.
1133 1369 1190 1404 mea
1206 1371 1230 1405 a.
1250 1360 1322 1407 1⁸27.
1340 1357 1391 1407 Eo·

243 1453 289 1488 uae
316 1437 384 1501 fuit.
419 1438 506 1487 Verba
537 1453 589 1486 non
613 1436 794 1500 impediebant,
840 1435 899 1482 dem
922 1450 990 1484 anno
1015 1436 1156 1486 Hertelius:
1177 1438 1251 1486 uIam
1269 1445 1324 1487 tum
1340 1439 1391 1502 aig-

242 1519 375 1584 qnominus
391 1518 439 1568 hoc
456 1519 488 1566 sd
503 1517 629 1568 fortunam
638 1518 794 1580 Vespasiani,
840 1516 968 1565 nificatum
993 1523 1030 1566 est
1055 1533 1070 1566 a
1095 1518 1153 1567 fatis
1178 1517 1284 1582 (poetice
1309 1534 1355 1583 pro
1372 1536 1391 1568 a

242 1601 421 1663 principatum,
447 1599 591 1659 referretur,
617 1599 690 1648 sicuti
707 1599 793 1647 Valer.
834 1598 906 1660 sato,
924 1598 1114 1658 acimundum,
1132 1607 1160 1648 ut
1178 1601 1391 1666 Liv.1,r.)qua-

244 1681 353 1730 Maxim.
385 1681 409 1729 Ι.
434 1695 470 1729 vr.
499 1685 539 1728 11.
563 1681 595 1730 de
621 1679 704 1729 Sulla:
724 1677 794 1734 Quae
839 1679 870 1726 lis
896 1679 1065 1742 Vespasianus
1087 1681 1221 1744 aliquando
1238 1681 1335 1731 futurrrs
1352 1697 1390 1732 as·

242 1760 349 1810 uictoria
368 1763 481 1825 suturae
497 1761 550 1810 eius
568 1759 735 1825 amplissimae
748 1775 793 1823 po·
839 1765 884 1807 set.
909 1759 941 1807 cf.
968 1760 1065 1809 Histor.
1088 1761 1111 1809 I.
1140 1767 1178 1810 10.
1209 1760 1311 1814 Occulta
1335 1763 1390 1828 lcpe

243 1841 335 1890 tentiae
358 1840 453 1905 prodas
476 1849 500 1890 et
511 1841 703 1905 fundamentum
720 1841 793 1889 exsti·
834 1841 894 1904 fati
919 1849 942 1890 et
967 1841 1068 1890 ostentis
1091 1858 1121 1890 ac
1142 1844 1267 1907 responsis
1280 1843 1392 1893 destina-

243 1923 284 1973 tit.
319 1922 371 1973 Sed
396 1923 520 1972 sententia
545 1925 639 1982 obstat,
657 1923 717 1986 quia
732 1937 794 1970 mox
840 1929 888 1969 tum
916 1919 1071 1986 Vespasiano
1095 1923 1227 1986 liberisque
1243 1924 1297 1974 eius
1313 1924 1389 1989 impe·

243 2006 365 2069 sequitur:
391 2012 541 2054 numeratas
560 2004 633 2067 fatis
660 2000 794 2068 Vespasia·
839 2003 915 2061 rium,
930 2011 990 2067 post
1000 2005 1134 2066 fortunam
1143 2003 1297 2055 credidimus.
1315 2003 1389 2054 Mon·

243 2103 297 2136 nus.
332 2087 415 2150 Igitur
426 2087 538 2150 fortuna
553 2091 794 2134 venturaestrerum
839 2091 934 2132 stratus
951 2085 1038 2132 eodem
1056 2098 1144 2144 sensu,
1161 2101 1211 2151 quo
1221 2088 1317 2136 Annal.
1327 2087 1390 2136 XII

243 2169 270 2216 in
286 2167 420 2215 Britannia
436 2167 527 2215 deinde
535 2179 650 2228 prospere
659 2172 792 2228 gestarum,
840 2168 879 2212 63.
915 2161 958 2213 Ea
975 2165 1074 2229 ombape
1096 2164 1252 2216 Chalcedonii
1267 2177 1391 2217 monstra-

243 2248 353 2300 initium,
369 2247 468 2295 insulae
493 2247 525 2295 ab
550 2247 672 2307 Agricola
693 2248 794 2295 tandem
839 2247 936 2306 bantur,
954 2247 970 2294 i.
989 2261 1010 2296 e.
1029 2247 1259 2310 significabantur.”
1285 2248 1326 2297 Ita
1339 2263 1389 2311 ogo

244 2328 405 2392 perdomitae.
441 2328 482 2376 Ita
504 2333 528 2376 et
551 2327 659 2377 chius
684 2333 709 2375 et
725 2328 794 2377 Krit
840 2331 864 2374 et
881 2326 1010 2376 Heraclius
1027 2325 1078 2376 fare
1095 2329 1317 2378 consentiebamne.
1354 2331 1390 2378 Et

246 2412 299 2460 nius
315 2411 517 2473 interpretantur.
839 2421 898 2455 vera
915 2414 952 2457 est
968 2408 1111 2458 huiusmodi
1128 2409 1389 2474 interpretatimprae·

278 2489 436 2540 Monstratus
446 2491 519 2554 satis
540 2488 718 2556 Vespasianus.
736 2489 794 2538 Hoc
839 2489 925 2538 sertim
949 2489 976 2537 in
992 2503 1079 2538 caussa
1095 2491 1251 2554 Vespasiani.
1271 2492 1313 2539 Ex
1330 2492 1389 2540 aliis

246 2579 283 2622 est
300 2589 316 2620 a
327 2573 401 2636 fatis
416 2577 576 2620 monstratus.
612 2570 677 2618 Fata
693 2569 734 2618 hic
746 2571 793 2633 pri·
839 2572 899 2620 locis
918 2571 999 2620 Taciti
1016 2577 1041 2620 at
1059 2571 1180 2620 Suetonio
1189 2573 1389 2636 apparet,uulgo

244 2652 793 2714 mummonstraveruntVespasianum,quem
839 2653 874 2700 ita
891 2653 1012 2702 creditum
1028 2651 1118 2710 fuisse,
1137 2653 1292 2715 Vespasiano
1300 2655 1390 2704 omnia

244 2736 318 2784 rebus
334 2734 469 2782 maioribus
486 2733 678 2782 destinaverant.
712 2731 793 2780 Siex·
838 2748 931 2795 magna
947 2749 962 2782 a
977 2733 1029 2782 sato
1045 2735 1173 2782 destinari.
1206 2734 1274 2782 Hinc
1288 2740 1313 2782 et
1330 2735 1389 2785 Au·

245 2816 338 2880 poditio
354 2814 501 2864 Britannica
518 2830 570 2863 non
587 2813 727 2872 accidisset,
742 2813 793 2862 fata
838 2815 922 2864 senius
946 2815 974 2864 iu
1000 2815 1110 2863 Monost.
1136 2816 1169 2864 de
1193 2815 1250 2863 XII
1275 2814 1389 2866 Caesad-

245 2898 321 2948 aliam
353 2896 421 2945 viam
454 2896 609 2944 monstrandi
643 2895 793 2957 Vespasiani
838 2897 896 2945 bus:
931 2894 984 2944 His
1016 2895 1136 2954 decimus,
1154 2897 1267 2960 satoque
1291 2897 1390 2947 accitus

244 2979 407 3028 invenissent.
441 2978 493 3026 Hic
516 2991 561 3041 per
586 2975 720 3024 Claudium
735 2975 793 3024 fatis
844 2975 1021 3040 Vespasianus.
1040 2977 1082 3025 Its.
1096 2977 1265 3040 Vespasianus
1274 2977 1369 3028 Annal.

246 3060 417 3110 commendari
449 3074 501 3107 non
525 3063 628 3121 poterat.
672 3058 793 3106 Ernestus
840 3057 917 3106 XVI.
944 3063 968 3116 5,
994 3066 1114 3105 narratur
1133 3058 1289 3107 imminentem
1302 3060 1389 3124 perni-

245 3143 348 3204 putabat
372 3141 399 3188 in
424 3154 454 3188 eo
479 3153 586 3188 acumen
609 3153 674 3196 esse,
700 3145 728 3185 ut
750 3139 793 3187 illa
839 3139 898 3186 ciem
922 3138 1014 3186 maiore
1034 3141 1098 3202 fato
1120 3139 1256 3204 effnpisse,
1275 3141 1319 3189 ubi
1335 3155 1387 3192 me·

246 3220 374 3283 expeditio
397 3220 492 3282 primus
513 3220 604 3281 gradrm
626 3218 724 3267 futurae
741 3217 793 3266 iali-
838 3219 887 3267 lius
912 3220 1045 3267 Ernestus:
1066 3222 1146 3283 aquia
1162 3222 1299 3270 maioribus
1313 3224 1389 3272 rebus

245 3300 327 3350 citatis
344 3301 478 3358 diceretur,
496 3306 521 3347 et
538 3299 707 3362 Vespasianus
722 3298 794 3360 quasi
839 3296 975 3348 destinatus
992 3306 1056 3359 erat,
1074 3315 1120 3352 nen
1135 3311 1217 3368 posset
1234 3307 1295 3355 adeo
1313 3307 1390 3356 aare.

246 3382 434 3432 commendatus
459 3387 522 3429 esset
546 3379 604 3430 fatis
622 3379 793 3437 etiamnunc,
839 3394 900 3430 rone
916 3380 1031 3443 perimi.⁸⁸
1050 3383 1136 3446 Atque
1151 3401 1211 3435 usus
1228 3388 1275 3437 iste
1292 3389 1386 3448 dativi,

246 3471 274 3513 ut
298 3464 342 3526 qui
362 3477 389 3511 se
405 3462 457 3510 iam
473 3469 527 3510 tum
543 3462 647 3524 dignum
664 3461 793 3522 imperato·
838 3462 880 3510 vel
897 3463 1002 3511 omissae
1020 3466 1224 3526 praepositionis,
1241 3469 1390 3532 plerumque

245 3545 284 3592 rio
300 3542 400 3604 fastigio
416 3544 575 3603 praebuisset.
604 3542 656 3591 Sed
663 3542 793 3605 hocplane
839 3543 865 3590 in
882 3541 940 3590 fatis
956 3543 1073 3592 cernitur.
1092 3545 1184 3609 Virgil.
1203 3547 1270 3597 Aen.
1280 3549 1317 3597 II.
1327 3553 1387 3600 257.

246 3629 369 3686 repugnat
393 3624 531 3672 sententiaa
556 3630 670 3672 veterum
686 3624 717 3672 de
733 3623 792 3672 fato.
839 3620 961 3686 Fatisque
978 3621 1060 3672 Deum
1068 3623 1187 3690 defensus
1199 3627 1300 3692 iniquis.
1311 3630 1387 3682 XIII

248 3703 406 3754 Monstratus
422 3703 496 3767 satis
516 3719 562 3766 pro
587 3705 687 3768 asotia
705 3705 793 3754 Tacito
841 3709 879 3752 12.
897 3702 972 3752 Fatis
988 3721 1069 3769 rupem
1081 3721 1108 3754 ae
1120 3708 1200 3771 posci.
1219 3711 1277 3759 Liv.
1297 3712 1387 3760 V.l5.

246 3786 373 3836 usitatum.
399 3782 442 3832 sie
457 3784 484 3832 in
502 3785 582 3847 Agric
599 3789 622 3832 2.
662 3783 719 3832 Cum
739 3783 792 3832 Ru·
839 3781 891 3832 Sed
918 3785 1025 3850 propior
1049 3787 1171 3852 interpres
1190 3790 1265 3853 fatis
1289 3790 1388 3840 oblatus

247 3869 309 3917 stica
326 3864 437 3924 Paetus,
465 3861 593 3914 Senecioni
608 3863 743 3913 Heluidius
758 3881 792 3914 es·
837 3865 918 3913 senior
940 3865 1040 3929 quidam
1070 3865 1172 3929 Veiens,
1198 3871 1241 3934 qui
1263 3872 1327 3920 inter
1344 3887 1387 3921 ca·

246 3958 298 3999 sent
320 3947 426 3998 laudati.
462 3945 547 4010 Atque
572 3946 619 3994 hoe
635 3959 708 4008 saepe
724 3961 791 3996 caus·
836 3943 949 3994 vitiantes
974 3947 1120 3998 stationibus
1143 3967 1174 3999 ac
1188 3952 1307 4002 custodiis
1322 3953 1386 4002 naiti-

246 4047 300 4082 sam
324 4030 393 4079 dedit
417 4029 495 4078 errori
516 4035 540 4076 et
556 4028 668 4077 diversae
685 4029 791 4091 expliea-
837 4035 874 4075 tea
913 4025 1038 4077 Romanos
1076 4028 1258 4096 Etruscosque,
1296 4033 1384 4084 vatid-

245 4115 316 4165 tioni.
342 4111 408 4160 conf.
435 4111 504 4173 Lips.
530 4111 562 4158 ad
579 4109 675 4158 Annal.
693 4109 731 4158 II.
750 4113 790 4158 50.
836 4107 918 4157 nantis
941 4107 967 4173 in
990 4109 1083 4159 modum
1107 4114 1202 4162 cecinit.
1225 4113 1300 4164 Adeo
1316 4117 1386 4180 sota

246 4195 362 4246 Oudend.
388 4193 420 4241 ad
446 4190 549 4242 Sueten.
574 4191 665 4242 Caesar
684 4195 721 4240 10.
741 4192 791 4241 Ve-
837 4190 868 4238 ad
892 4190 931 4249 id,
953 4193 1020 4254 quod
1036 4195 1113 4242 semel
1128 4196 1303 4257 domaverunt,
1321 4209 1383 4247 sam·

244 4278 357 4339 spasiano
382 4289 421 4324 res
445 4275 472 4324 in
498 4273 632 4324 Britannia
655 4279 736 4336 gestas
759 4275 791 4322 ad
835 4285 879 4335 per
902 4271 966 4320 aiam
991 4273 1125 4336 inueniunt,
1142 4283 1171 4326 ut
1187 4285 1224 4326 est
1241 4279 1307 4342 apud
1324 4279 1384 4329 Vir·

246 4357 354 4406 futuram
379 4356 524 4406 felicitatem
546 4355 680 4419 profuisse,
706 4361 791 4404 narrat
836 4353 879 4416 gil.
906 4354 973 4405 Aen.
1000 4356 1053 4405 III.
1072 4363 1129 4408 395.
1147 4357 1244 4409 Similis
1260 4361 1385 4412 sententia

247 4438 323 4488 ctiam
348 4437 397 4485 Dio
423 4437 491 4486 Cass.
518 4437 607 4486 LXV.
626 4441 649 4486 8.
668 4436 739 4486 Haec
756 4436 791 4486 itu
837 4442 873 4486 est
895 4437 921 4487 in
938 4437 1019 4488 Taciti
1035 4437 1263 4494 Annal.111.18.
1284 4440 1387 4510 Quippe
