<?xml version="1.0" encoding="UTF-8"?>
<!DOCTYPE html PUBLIC "-//W3C//DTD XHTML 1.0 Transitional//EN"
    "http://www.w3.org/TR/xhtml1/DTD/xhtml1-transitional.dtd">
<html xmlns="http://www.w3.org/1999/xhtml" xml:lang="en" lang="en">
 <head>
  <title>
</title>
<meta http-equiv="Content-Type" content="text/html;charset=utf-8" />
  <meta name='ocr-system' content='tesseract 3.04.00' />
  <meta name='ocr-capabilities' content='ocr_page ocr_carea ocr_par ocr_line ocrx_word'/>
</head>
<body>
  <div class='ocr_page' id='page_1' title='image "./ccorneliitaciti09tacigoog/ccorneliitaciti09tacigoog_0077.png"; bbox 0 0 3134 5310; ppageno 0'>
   <div class='ocr_carea' id='block_1_1' title="bbox 229 505 957 568">
    <p class='ocr_par' dir='ltr' id='par_1_1' title="bbox 229 505 957 568">
     <span class='ocr_line' id='line_1_1' title="bbox 229 505 957 568; baseline -0.001 -2"><span class='ocrx_word' id='word_1_1' title='bbox 229 505 272 568; x_wconf 78' lang='grc'><strong><em>64</em></strong></span> <span class='ocrx_word' id='word_1_2' title='bbox 667 517 823 564; x_wconf 80' lang='lat' dir='ltr'><strong><em>consciri</em></strong></span> <span class='ocrx_word' id='word_1_3' title='bbox 847 519 957 568; x_wconf 79' lang='lat' dir='ltr'><strong><em>ricrrr</em></strong></span> 
     </span>
    </p>
   </div>
   <div class='ocr_carea' id='block_1_2' title="bbox 223 684 1385 984">
    <p class='ocr_par' dir='ltr' id='par_1_2' title="bbox 223 684 1385 984">
     <span class='ocr_line' id='line_1_2' title="bbox 227 684 1385 776; baseline 0.003 -26"><span class='ocrx_word' id='word_1_4' title='bbox 227 687 294 754; x_wconf 90' lang='lat' dir='ltr'><strong><em>lum</em></strong></span> <span class='ocrx_word' id='word_1_5' title='bbox 319 699 350 752; x_wconf 90' lang='lat' dir='ltr'><strong><em>et</em></strong></span> <span class='ocrx_word' id='word_1_6' title='bbox 376 685 476 752; x_wconf 87' lang='lat' dir='ltr'><strong><em>sidera</em></strong></span> <span class='ocrx_word' id='word_1_7' title='bbox 501 707 561 751; x_wconf 82' lang='lat' dir='ltr'><strong><em>nos</em></strong></span> <span class='ocrx_word' id='word_1_8' title='bbox 586 685 680 751; x_wconf 86' lang='lat' dir='ltr'><strong><em>cedit.</em></strong></span> <span class='ocrx_word' id='word_1_9' title='bbox 731 684 853 775; x_wconf 68' lang='lat' dir='ltr'><strong><em>Solum,</em></strong></span> <span class='ocrx_word' id='word_1_10' title='bbox 877 697 1001 774; x_wconf 85' lang='lat' dir='ltr'><strong><em>praeter</em></strong></span> <span class='ocrx_word' id='word_1_11' title='bbox 1026 685 1127 750; x_wconf 88' lang='lat' dir='ltr'><strong><em>oleum</em></strong></span> <span class='ocrx_word' id='word_1_12' title='bbox 1159 687 1320 776; x_wconf 85' lang='lat' dir='ltr'><strong><em>vitemque</em></strong></span> <span class='ocrx_word' id='word_1_13' title='bbox 1342 701 1385 754; x_wconf 85' lang='lat' dir='ltr'><strong><em>ct</em></strong></span> 
     </span>
     <span class='ocr_line' id='line_1_3' title="bbox 226 790 1383 880; baseline 0.002 -25"><span class='ocrx_word' id='word_1_14' title='bbox 226 804 332 858; x_wconf 86' lang='lat' dir='ltr'><strong><em>cetera</em></strong></span> <span class='ocrx_word' id='word_1_15' title='bbox 369 790 570 856; x_wconf 84' lang='lat' dir='ltr'><strong>calidioribus</strong></span> <span class='ocrx_word' id='word_1_16' title='bbox 606 791 694 856; x_wconf 87' lang='lat' dir='ltr'><strong><em>terris</em></strong></span> <span class='ocrx_word' id='word_1_17' title='bbox 719 791 793 855; x_wconf 89' lang='lat' dir='ltr'><strong><em>oriri</em></strong></span> <span class='ocrx_word' id='word_1_18' title='bbox 817 804 926 870; x_wconf 84' lang='lat' dir='ltr'><strong><em>sueta,</em></strong></span> <span class='ocrx_word' id='word_1_19' title='bbox 946 790 1068 880; x_wconf 87' lang='lat' dir='ltr'><strong><em>patiens</em></strong></span> <span class='ocrx_word' id='word_1_20' title='bbox 1091 791 1240 880; x_wconf 80' lang='lat' dir='ltr'><strong><em>frugum,</em></strong></span> <span class='ocrx_word' id='word_1_21' title='bbox 1265 795 1383 860; x_wconf 80' lang='lat' dir='ltr'><strong><em>fecun-</em></strong></span> 
     </span>
     <span class='ocr_line' id='line_1_4' title="bbox 223 895 1382 984; baseline -0.001 -21"><span class='ocrx_word' id='word_1_22' title='bbox 223 897 326 975; x_wconf 86' lang='lat' dir='ltr'><strong><em>dum3</em></strong></span> <span class='ocrx_word' id='word_1_23' title='bbox 363 895 452 963; x_wconf 84' lang='lat' dir='ltr'><strong><em>tarde</em></strong></span> <span class='ocrx_word' id='word_1_24' title='bbox 485 897 675 974; x_wconf 87' lang='lat' dir='ltr'><strong><em>mitescunt,</em></strong></span> <span class='ocrx_word' id='word_1_25' title='bbox 706 897 769 961; x_wconf 89' lang='lat' dir='ltr'><strong><em>cito</em></strong></span> <span class='ocrx_word' id='word_1_26' title='bbox 804 897 1015 984; x_wconf 81' lang='lat' dir='ltr'><strong><em>proveniunt,</em></strong></span> <span class='ocrx_word' id='word_1_27' title='bbox 1052 895 1227 984; x_wconf 84' lang='lat' dir='ltr'><strong><em>eademque</em></strong></span> <span class='ocrx_word' id='word_1_28' title='bbox 1259 900 1382 963; x_wconf 84' lang='lat' dir='ltr'><strong><em>utrius-</em></strong></span> 
     </span>
    </p>
   </div>
   <div class='ocr_carea' id='block_1_3' title="bbox 169 1121 1379 4500">
    <p class='ocr_par' dir='ltr' id='par_1_3' title="bbox 169 1121 1379 4500">
     <span class='ocr_line' id='line_1_5' title="bbox 225 1121 1379 1188; baseline 0.002 -16"><span class='ocrx_word' id='word_1_29' title='bbox 225 1131 267 1172; x_wconf 87' lang='lat' dir='ltr'><strong><em>tro</em></strong></span> <span class='ocrx_word' id='word_1_30' title='bbox 290 1121 369 1172; x_wconf 82' lang='lat' dir='ltr'><strong><em>nostri</em></strong></span> <span class='ocrx_word' id='word_1_31' title='bbox 393 1121 459 1170; x_wconf 85' lang='lat' dir='ltr'><strong><em>orbis</em></strong></span> <span class='ocrx_word' id='word_1_32' title='bbox 482 1137 624 1172; x_wconf 85' lang='lat' dir='ltr'><strong><em>mensnram.</em></strong></span> <span class='ocrx_word' id='word_1_33' title='bbox 658 1121 774 1186; x_wconf 76' lang='lat' dir='ltr'><strong>&#39;Propter</strong></span> <span class='ocrx_word' id='word_1_34' title='bbox 820 1127 874 1175; x_wconf 87' lang='lat' dir='ltr'><strong><em>bat:</em></strong></span> <span class='ocrx_word' id='word_1_35' title='bbox 895 1125 1379 1188; x_wconf 55' lang='lat' dir='ltr'><strong><em>»usmanainqnitnrnsstnnBatan-</em></strong></span> 
     </span>
     <span class='ocr_line' id='line_1_6' title="bbox 224 1201 1379 1269; baseline 0.002 -15"><span class='ocrx_word' id='word_1_36' title='bbox 224 1205 293 1254; x_wconf 90' lang='lat' dir='ltr'><strong><em>obest</em></strong></span> <span class='ocrx_word' id='word_1_37' title='bbox 309 1211 418 1262; x_wconf 75' lang='lat' dir='ltr'><strong><em>aestate,</em></strong></span> <span class='ocrx_word' id='word_1_38' title='bbox 435 1217 497 1253; x_wconf 88' lang='lat' dir='ltr'><strong><em>sono</em></strong></span> <span class='ocrx_word' id='word_1_39' title='bbox 514 1201 774 1262; x_wconf 83' lang='lat' dir='ltr'><strong><em>conveniente‚iaoile</em></strong></span> <span class='ocrx_word' id='word_1_40' title='bbox 819 1205 863 1254; x_wconf 91' lang='lat' dir='ltr'><strong><em>nia</em></strong></span> <span class='ocrx_word' id='word_1_41' title='bbox 895 1219 947 1254; x_wconf 89' lang='lat' dir='ltr'><strong><em>non</em></strong></span> <span class='ocrx_word' id='word_1_42' title='bbox 972 1205 1048 1254; x_wconf 90' lang='lat' dir='ltr'><strong><em>modo</em></strong></span> <span class='ocrx_word' id='word_1_43' title='bbox 1073 1205 1161 1269; x_wconf 88' lang='lat' dir='ltr'><strong><em>accipit</em></strong></span> <span class='ocrx_word' id='word_1_44' title='bbox 1186 1207 1296 1264; x_wconf 88' lang='lat' dir='ltr'><strong><em>cultum,</em></strong></span> <span class='ocrx_word' id='word_1_45' title='bbox 1328 1207 1379 1256; x_wconf 88' lang='lat' dir='ltr'><strong><em>sed</em></strong></span> 
     </span>
     <span class='ocr_line' id='line_1_7' title="bbox 224 1285 1377 1349; baseline 0.003 -16"><span class='ocrx_word' id='word_1_46' title='bbox 224 1285 307 1334; x_wconf 90' lang='lat' dir='ltr'><strong><em>omitti</em></strong></span> <span class='ocrx_word' id='word_1_47' title='bbox 322 1285 403 1348; x_wconf 74' lang='lat' dir='ltr'><strong><em>poturit</em></strong></span> <span class='ocrx_word' id='word_1_48' title='bbox 419 1292 523 1333; x_wconf 79' lang='lat' dir='ltr'><strong><em>aestate.</em></strong></span> <span class='ocrx_word' id='word_1_49' title='bbox 820 1286 896 1334; x_wconf 87' lang='lat' dir='ltr'><strong><em>etiam</em></strong></span> <span class='ocrx_word' id='word_1_50' title='bbox 912 1287 1023 1349; x_wconf 87' lang='lat' dir='ltr'><strong><em>copiosus</em></strong></span> <span class='ocrx_word' id='word_1_51' title='bbox 1040 1285 1124 1348; x_wconf 82' lang='lat' dir='ltr'><strong><em>fruges</em></strong></span> <span class='ocrx_word' id='word_1_52' title='bbox 1142 1285 1239 1336; x_wconf 80' lang='lat' dir='ltr'><strong><em>effert.&#39;&#39;</em></strong></span> <span class='ocrx_word' id='word_1_53' title='bbox 1263 1287 1304 1336; x_wconf 90' lang='lat' dir='ltr'><strong><em>Ita</em></strong></span> <span class='ocrx_word' id='word_1_54' title='bbox 1322 1287 1377 1336; x_wconf 84' lang='lat' dir='ltr'><strong><em>Tu-</em></strong></span> 
     </span>
     <span class='ocr_line' id='line_1_8' title="bbox 259 1361 1377 1431; baseline 0.004 -19"><span class='ocrx_word' id='word_1_55' title='bbox 259 1361 381 1413; x_wconf 80' lang='lat' dir='ltr'><strong><em>Eatrema</em></strong></span> <span class='ocrx_word' id='word_1_56' title='bbox 404 1361 558 1414; x_wconf 83' lang='lat' dir='ltr'><strong><em>Britanniae</em></strong></span> <span class='ocrx_word' id='word_1_57' title='bbox 571 1371 655 1428; x_wconf 81' lang='lat' dir='ltr'><strong><em>parte.</em></strong></span> <span class='ocrx_word' id='word_1_58' title='bbox 691 1365 723 1412; x_wconf 91' lang='lat' dir='ltr'><strong><em>In</em></strong></span> <span class='ocrx_word' id='word_1_59' title='bbox 740 1364 773 1412; x_wconf 88' lang='lat' dir='ltr'><strong><em>al·</em></strong></span> <span class='ocrx_word' id='word_1_60' title='bbox 820 1365 883 1415; x_wconf 90' lang='lat' dir='ltr'><strong><em>citus</em></strong></span> <span class='ocrx_word' id='word_1_61' title='bbox 905 1365 1000 1429; x_wconf 87' lang='lat' dir='ltr'><strong><em>aliquid</em></strong></span> <span class='ocrx_word' id='word_1_62' title='bbox 1025 1367 1174 1426; x_wconf 81' lang='lat' dir='ltr'><strong><em>addidisset,</em></strong></span> <span class='ocrx_word' id='word_1_63' title='bbox 1200 1367 1273 1431; x_wconf 88' lang='lat' dir='ltr'><strong><em>quale</em></strong></span> <span class='ocrx_word' id='word_1_64' title='bbox 1290 1367 1377 1416; x_wconf 87' lang='lat' dir='ltr'><strong><em>estin</em></strong></span> 
     </span>
     <span class='ocr_line' id='line_1_9' title="bbox 225 1443 1377 1512; baseline 0.004 -19"><span class='ocrx_word' id='word_1_65' title='bbox 225 1452 279 1496; x_wconf 89' lang='lat' dir='ltr'><strong><em>tero</em></strong></span> <span class='ocrx_word' id='word_1_66' title='bbox 297 1445 381 1494; x_wconf 85' lang='lat' dir='ltr'><strong><em>Vatic.</em></strong></span> <span class='ocrx_word' id='word_1_67' title='bbox 396 1453 472 1510; x_wconf 83' lang='lat' dir='ltr'><strong><em>parte</em></strong></span> <span class='ocrx_word' id='word_1_68' title='bbox 485 1443 646 1494; x_wconf 81' lang='lat' dir='ltr'><strong><em>Britanniae.</em></strong></span> <span class='ocrx_word' id='word_1_69' title='bbox 665 1444 775 1495; x_wconf 87' lang='lat' dir='ltr'><strong><em>Wexius</em></strong></span> <span class='ocrx_word' id='word_1_70' title='bbox 820 1445 838 1494; x_wconf 93' lang='lat'><strong><em>1.</em></strong></span> <span class='ocrx_word' id='word_1_71' title='bbox 861 1446 878 1494; x_wconf 97' lang='lat' dir='ltr'><strong><em>l.</em></strong></span> <span class='ocrx_word' id='word_1_72' title='bbox 910 1445 1001 1494; x_wconf 85' lang='lat' dir='ltr'><strong>Plinii:</strong></span> <span class='ocrx_word' id='word_1_73' title='bbox 1028 1453 1104 1510; x_wconf 80' lang='lat' dir='ltr'><strong><em>utque</em></strong></span> <span class='ocrx_word' id='word_1_74' title='bbox 1133 1448 1207 1496; x_wconf 89' lang='lat' dir='ltr'><strong><em>etiam</em></strong></span> <span class='ocrx_word' id='word_1_75' title='bbox 1226 1445 1377 1512; x_wconf 77' lang='lat' dir='ltr'><strong><em>secundum</em></strong></span> 
     </span>
     <span class='ocr_line' id='line_1_10' title="bbox 226 1521 1376 1590; baseline 0.002 -14"><span class='ocrx_word' id='word_1_76' title='bbox 226 1539 261 1576; x_wconf 84' lang='lat' dir='ltr'><strong><em>ex</em></strong></span> <span class='ocrx_word' id='word_1_77' title='bbox 283 1526 448 1589; x_wconf 80' lang='lat' dir='ltr'><strong><em>discrepantia</em></strong></span> <span class='ocrx_word' id='word_1_78' title='bbox 468 1523 606 1586; x_wconf 84' lang='lat' dir='ltr'><strong><em>suspicetur</em></strong></span> <span class='ocrx_word' id='word_1_79' title='bbox 622 1521 775 1576; x_wconf 84' lang='lat' dir='ltr'><strong><em>Britanniae</em></strong></span> <span class='ocrx_word' id='word_1_80' title='bbox 822 1527 854 1574; x_wconf 88' lang='lat' dir='ltr'><strong><em>Ia</em></strong></span> <span class='ocrx_word' id='word_1_81' title='bbox 868 1525 969 1590; x_wconf 83' lang='lat' dir='ltr'><strong><em>patiens</em></strong></span> <span class='ocrx_word' id='word_1_82' title='bbox 985 1527 1066 1576; x_wconf 77' lang='lat' dir='ltr'><strong><em>essitas</em></strong></span> <span class='ocrx_word' id='word_1_83' title='bbox 1083 1532 1108 1576; x_wconf 91' lang='lat' dir='ltr'><strong><em>at</em></strong></span> <span class='ocrx_word' id='word_1_84' title='bbox 1125 1528 1196 1577; x_wconf 83' lang='lat' dir='ltr'><strong><em>labor</em></strong></span> <span class='ocrx_word' id='word_1_85' title='bbox 1213 1529 1248 1576; x_wconf 90' lang='lat' dir='ltr'><strong><em>sic</em></strong></span> <span class='ocrx_word' id='word_1_86' title='bbox 1264 1527 1317 1578; x_wconf 86' lang='lat' dir='ltr'><strong><em>sere</em></strong></span> <span class='ocrx_word' id='word_1_87' title='bbox 1332 1545 1376 1579; x_wconf 88' lang='lat' dir='ltr'><strong><em>co-</em></strong></span> 
     </span>
     <span class='ocr_line' id='line_1_11' title="bbox 226 1605 1376 1672; baseline 0 -16"><span class='ocrx_word' id='word_1_88' title='bbox 226 1619 279 1656; x_wconf 86' lang='lat' dir='ltr'><strong><em>esse</em></strong></span> <span class='ocrx_word' id='word_1_89' title='bbox 295 1606 551 1669; x_wconf 82' lang='lat' dir='ltr'><strong><em>interpretamentum.</em></strong></span> <span class='ocrx_word' id='word_1_90' title='bbox 587 1605 656 1669; x_wconf 82' lang='lat' dir='ltr'><strong><em>Ego,</em></strong></span> <span class='ocrx_word' id='word_1_91' title='bbox 670 1607 775 1658; x_wconf 84' lang='lat' dir='ltr'><strong><em>velsine</em></strong></span> <span class='ocrx_word' id='word_1_92' title='bbox 821 1607 946 1668; x_wconf 75' lang='lat' dir='ltr'><strong><em>girantur,</em></strong></span> <span class='ocrx_word' id='word_1_93' title='bbox 963 1612 992 1654; x_wconf 89' lang='lat' dir='ltr'><strong><em>ut</em></strong></span> <span class='ocrx_word' id='word_1_94' title='bbox 1009 1607 1095 1656; x_wconf 88' lang='lat' dir='ltr'><strong><em>statim</em></strong></span> <span class='ocrx_word' id='word_1_95' title='bbox 1111 1608 1230 1672; x_wconf 85' lang='lat' dir='ltr'><strong><em>appellari</em></strong></span> <span class='ocrx_word' id='word_1_96' title='bbox 1233 1607 1376 1672; x_wconf 80' lang='lat' dir='ltr'><strong><em>secundum</em></strong></span> 
     </span>
     <span class='ocr_line' id='line_1_12' title="bbox 226 1685 1376 1752; baseline 0.002 -17"><span class='ocrx_word' id='word_1_97' title='bbox 226 1687 391 1750; x_wconf 77' lang='lat' dir='ltr'><strong><em>discrepantia</em></strong></span> <span class='ocrx_word' id='word_1_98' title='bbox 414 1687 469 1736; x_wconf 85' lang='lat' dir='ltr'><strong><em>ista.</em></strong></span> <span class='ocrx_word' id='word_1_99' title='bbox 504 1686 538 1734; x_wconf 79' lang='lat' dir='ltr'><strong><em>ut</em></strong></span> <span class='ocrx_word' id='word_1_100' title='bbox 560 1685 682 1750; x_wconf 84' lang='lat' dir='ltr'><strong><em>lampius</em></strong></span> <span class='ocrx_word' id='word_1_101' title='bbox 699 1688 777 1738; x_wconf 90' lang='lat' dir='ltr'><strong><em>semel</em></strong></span> <span class='ocrx_word' id='word_1_102' title='bbox 822 1700 895 1749; x_wconf 83' lang='lat' dir='ltr'><strong><em>aegre</em></strong></span> <span class='ocrx_word' id='word_1_103' title='bbox 921 1688 1006 1750; x_wconf 87' lang='lat' dir='ltr'><strong><em>possit.</em></strong></span> <span class='ocrx_word' id='word_1_104' title='bbox 1042 1686 1183 1736; x_wconf 85' lang='lat' dir='ltr'><strong><em>Fecundum</em></strong></span> <span class='ocrx_word' id='word_1_105' title='bbox 1209 1694 1293 1737; x_wconf 86' lang='lat' dir='ltr'><strong><em>autem</em></strong></span> <span class='ocrx_word' id='word_1_106' title='bbox 1317 1705 1376 1752; x_wconf 86' lang='lat' dir='ltr'><strong><em>pro-</em></strong></span> 
     </span>
     <span class='ocr_line' id='line_1_13' title="bbox 227 1766 1376 1833; baseline 0.003 -18"><span class='ocrx_word' id='word_1_107' title='bbox 227 1768 253 1816; x_wconf 90' lang='lat' dir='ltr'><strong><em>in</em></strong></span> <span class='ocrx_word' id='word_1_108' title='bbox 271 1767 327 1816; x_wconf 87' lang='lat' dir='ltr'><strong><em>aliis</em></strong></span> <span class='ocrx_word' id='word_1_109' title='bbox 343 1767 405 1816; x_wconf 87' lang='lat' dir='ltr'><strong><em>locis</em></strong></span> <span class='ocrx_word' id='word_1_110' title='bbox 422 1766 572 1816; x_wconf 86' lang='lat' dir='ltr'><strong><em>eliciendum</em></strong></span> <span class='ocrx_word' id='word_1_111' title='bbox 587 1769 681 1831; x_wconf 87' lang='lat' dir='ltr'><strong><em>putavi.</em></strong></span> <span class='ocrx_word' id='word_1_112' title='bbox 821 1775 906 1831; x_wconf 85' lang='lat' dir='ltr'><strong><em>pterea</em></strong></span> <span class='ocrx_word' id='word_1_113' title='bbox 930 1783 982 1817; x_wconf 90' lang='lat' dir='ltr'><strong><em>non</em></strong></span> <span class='ocrx_word' id='word_1_114' title='bbox 999 1769 1142 1827; x_wconf 88' lang='lat' dir='ltr'><strong><em>deleverim,</em></strong></span> <span class='ocrx_word' id='word_1_115' title='bbox 1159 1770 1219 1833; x_wconf 86' lang='lat' dir='ltr'><strong><em>quia</em></strong></span> <span class='ocrx_word' id='word_1_116' title='bbox 1236 1769 1376 1818; x_wconf 77' lang='lat' dir='ltr'><strong><em>Britannia</em></strong></span> 
     </span>
     <span class='ocr_line' id='line_1_14' title="bbox 261 1845 1375 1914; baseline 0.001 -18"><span class='ocrx_word' id='word_1_117' title='bbox 261 1845 298 1896; x_wconf 82' lang='lat' dir='ltr'><strong><em>Et</em></strong></span> <span class='ocrx_word' id='word_1_118' title='bbox 322 1855 405 1896; x_wconf 86' lang='lat' dir='ltr'><strong><em>cetera</em></strong></span> <span class='ocrx_word' id='word_1_119' title='bbox 430 1845 590 1896; x_wconf 76' lang='lat' dir='ltr'><strong><em>calidioribus</em></strong></span> <span class='ocrx_word' id='word_1_120' title='bbox 615 1846 690 1896; x_wconf 87' lang='lat' dir='ltr'><strong><em>terris</em></strong></span> <span class='ocrx_word' id='word_1_121' title='bbox 714 1846 778 1896; x_wconf 87' lang='lat' dir='ltr'><strong><em>oriri</em></strong></span> <span class='ocrx_word' id='word_1_122' title='bbox 822 1855 875 1898; x_wconf 90' lang='lat' dir='ltr'><strong><em>erat</em></strong></span> <span class='ocrx_word' id='word_1_123' title='bbox 891 1850 1025 1898; x_wconf 87' lang='lat' dir='ltr'><strong><em>admodum</em></strong></span> <span class='ocrx_word' id='word_1_124' title='bbox 1036 1849 1160 1914; x_wconf 83' lang='lat' dir='ltr'><strong><em>secunda.</em></strong></span> <span class='ocrx_word' id='word_1_125' title='bbox 1192 1850 1250 1913; x_wconf 89' lang='lat' dir='ltr'><strong><em>Ipse</em></strong></span> <span class='ocrx_word' id='word_1_126' title='bbox 1268 1849 1375 1898; x_wconf 79' lang='lat' dir='ltr'><strong><em>Tacitus</em></strong></span> 
     </span>
     <span class='ocr_line' id='line_1_15' title="bbox 228 1927 1375 1993; baseline 0.002 -17"><span class='ocrx_word' id='word_1_127' title='bbox 228 1927 689 1993; x_wconf 58' lang='lat' dir='ltr'><strong><em>sueta,patiensfruyamjecundum.</em></strong></span> <span class='ocrx_word' id='word_1_128' title='bbox 708 1927 777 1988; x_wconf 83' lang='lat' dir='ltr'><strong><em>Quid</em></strong></span> <span class='ocrx_word' id='word_1_129' title='bbox 822 1931 849 1978; x_wconf 88' lang='lat' dir='ltr'><strong><em>in</em></strong></span> <span class='ocrx_word' id='word_1_130' title='bbox 874 1944 927 1993; x_wconf 86' lang='lat' dir='ltr'><strong><em>cap.</em></strong></span> <span class='ocrx_word' id='word_1_131' title='bbox 948 1935 977 1978; x_wconf 86' lang='lat'><strong><em>19</em></strong></span> <span class='ocrx_word' id='word_1_132' title='bbox 1000 1931 1059 1979; x_wconf 87' lang='lat' dir='ltr'><strong><em>eatis</em></strong></span> <span class='ocrx_word' id='word_1_133' title='bbox 1076 1931 1198 1989; x_wconf 84' lang='lat' dir='ltr'><strong><em>ostendit,</em></strong></span> <span class='ocrx_word' id='word_1_134' title='bbox 1212 1943 1239 1978; x_wconf 87' lang='lat' dir='ltr'><strong><em>se</em></strong></span> <span class='ocrx_word' id='word_1_135' title='bbox 1254 1930 1303 1978; x_wconf 89' lang='lat' dir='ltr'><strong><em>hoc</em></strong></span> <span class='ocrx_word' id='word_1_136' title='bbox 1319 1945 1375 1978; x_wconf 89' lang='lat' dir='ltr'><strong><em>non</em></strong></span> 
     </span>
     <span class='ocr_line' id='line_1_16' title="bbox 228 2007 1375 2074; baseline 0.003 -18"><span class='ocrx_word' id='word_1_137' title='bbox 228 2008 351 2057; x_wconf 87' lang='lat' dir='ltr'><strong><em>sententie</em></strong></span> <span class='ocrx_word' id='word_1_138' title='bbox 371 2016 468 2072; x_wconf 85' lang='lat' dir='ltr'><strong><em>poscet,</em></strong></span> <span class='ocrx_word' id='word_1_139' title='bbox 485 2017 538 2060; x_wconf 89' lang='lat' dir='ltr'><strong><em>tam</em></strong></span> <span class='ocrx_word' id='word_1_140' title='bbox 553 2009 625 2058; x_wconf 84' lang='lat' dir='ltr'><strong><em>facile</em></strong></span> <span class='ocrx_word' id='word_1_141' title='bbox 641 2009 710 2058; x_wconf 89' lang='lat' dir='ltr'><strong><em>dictu</em></strong></span> <span class='ocrx_word' id='word_1_142' title='bbox 727 2014 776 2068; x_wconf 88' lang='lat' dir='ltr'><strong><em>est,</em></strong></span> <span class='ocrx_word' id='word_1_143' title='bbox 822 2011 944 2074; x_wconf 83' lang='lat' dir='ltr'><strong><em>ignorare.</em></strong></span> <span class='ocrx_word' id='word_1_144' title='bbox 964 2009 1093 2060; x_wconf 82' lang='lat' dir='ltr'><strong><em>Coniicio:</em></strong></span> <span class='ocrx_word' id='word_1_145' title='bbox 1113 2007 1205 2068; x_wconf 75' lang='lat' dir='ltr'><strong><em>Solum,</em></strong></span> <span class='ocrx_word' id='word_1_146' title='bbox 1211 2009 1375 2074; x_wconf 76' lang='lat' dir='ltr'><strong><em>prosternis·</em></strong></span> 
     </span>
     <span class='ocr_line' id='line_1_17' title="bbox 228 2089 1375 2154; baseline 0 -16"><span class='ocrx_word' id='word_1_147' title='bbox 228 2103 304 2152; x_wconf 85' lang='lat' dir='ltr'><strong><em>quam</em></strong></span> <span class='ocrx_word' id='word_1_148' title='bbox 320 2090 419 2138; x_wconf 87' lang='lat' dir='ltr'><strong><em>difficile</em></strong></span> <span class='ocrx_word' id='word_1_149' title='bbox 437 2104 493 2140; x_wconf 88' lang='lat' dir='ltr'><strong><em>eam</em></strong></span> <span class='ocrx_word' id='word_1_150' title='bbox 510 2103 543 2138; x_wconf 81' lang='lat' dir='ltr'><strong><em>ex</em></strong></span> <span class='ocrx_word' id='word_1_151' title='bbox 559 2090 613 2138; x_wconf 89' lang='lat' dir='ltr'><strong><em>istis</em></strong></span> <span class='ocrx_word' id='word_1_152' title='bbox 629 2090 711 2139; x_wconf 83' lang='lat' dir='ltr'><strong><em>verbis</em></strong></span> <span class='ocrx_word' id='word_1_153' title='bbox 719 2103 777 2138; x_wconf 91' lang='lat' dir='ltr'><strong><em>con·</em></strong></span> <span class='ocrx_word' id='word_1_154' title='bbox 823 2108 862 2140; x_wconf 88' lang='lat' dir='ltr'><strong><em>am</em></strong></span> <span class='ocrx_word' id='word_1_155' title='bbox 884 2090 1015 2154; x_wconf 84' lang='lat' dir='ltr'><strong><em>vitemque,</em></strong></span> <span class='ocrx_word' id='word_1_156' title='bbox 1033 2099 1128 2151; x_wconf 84' lang='lat' dir='ltr'><strong><em>cetera,</em></strong></span> <span class='ocrx_word' id='word_1_157' title='bbox 1147 2089 1307 2139; x_wconf 78' lang='lat' dir='ltr'><strong><em>calidioribus</em></strong></span> <span class='ocrx_word' id='word_1_158' title='bbox 1325 2097 1375 2138; x_wconf 84' lang='lat' dir='ltr'><strong><em>ter·</em></strong></span> 
     </span>
     <span class='ocr_line' id='line_1_18' title="bbox 229 2169 1374 2236; baseline 0.003 -20"><span class='ocrx_word' id='word_1_159' title='bbox 229 2169 339 2218; x_wconf 77' lang='lat' dir='ltr'><strong><em>adurere.</em></strong></span> <span class='ocrx_word' id='word_1_160' title='bbox 375 2171 444 2232; x_wconf 82' lang='lat' dir='ltr'><strong><em>Ergo</em></strong></span> <span class='ocrx_word' id='word_1_161' title='bbox 459 2185 547 2222; x_wconf 88' lang='lat' dir='ltr'><strong><em>omnes</em></strong></span> <span class='ocrx_word' id='word_1_162' title='bbox 559 2174 776 2236; x_wconf 85' lang='lat' dir='ltr'><strong><em>interpretesmui-</em></strong></span> <span class='ocrx_word' id='word_1_163' title='bbox 823 2172 860 2221; x_wconf 86' lang='lat' dir='ltr'><strong><em>ris</em></strong></span> <span class='ocrx_word' id='word_1_164' title='bbox 876 2179 960 2230; x_wconf 85' lang='lat' dir='ltr'><strong><em>sueta,</em></strong></span> <span class='ocrx_word' id='word_1_165' title='bbox 975 2171 1091 2235; x_wconf 65' lang='lat' dir='ltr'><strong><em>potitum</em></strong></span> <span class='ocrx_word' id='word_1_166' title='bbox 1103 2173 1212 2236; x_wconf 76' lang='lat' dir='ltr'><strong><em>srupum</em></strong></span> <span class='ocrx_word' id='word_1_167' title='bbox 1224 2169 1374 2235; x_wconf 78' lang='lat' dir='ltr'><strong><em>secundum.</em></strong></span> 
     </span>
     <span class='ocr_line' id='line_1_19' title="bbox 229 2251 1374 2316; baseline 0.003 -20"><span class='ocrx_word' id='word_1_168' title='bbox 229 2255 282 2296; x_wconf 89' lang='lat' dir='ltr'><strong><em>tam</em></strong></span> <span class='ocrx_word' id='word_1_169' title='bbox 306 2262 408 2312; x_wconf 86' lang='lat' dir='ltr'><strong><em>operam</em></strong></span> <span class='ocrx_word' id='word_1_170' title='bbox 429 2251 564 2311; x_wconf 87' lang='lat' dir='ltr'><strong><em>dederant,</em></strong></span> <span class='ocrx_word' id='word_1_171' title='bbox 581 2259 610 2302; x_wconf 88' lang='lat' dir='ltr'><strong><em>ut</em></strong></span> <span class='ocrx_word' id='word_1_172' title='bbox 626 2253 776 2302; x_wconf 85' lang='lat' dir='ltr'><strong><em>invenirent.</em></strong></span> <span class='ocrx_word' id='word_1_173' title='bbox 824 2253 957 2302; x_wconf 88' lang='lat' dir='ltr'><strong><em>Britannia</em></strong></span> <span class='ocrx_word' id='word_1_174' title='bbox 973 2266 1024 2300; x_wconf 89' lang='lat' dir='ltr'><strong><em>non</em></strong></span> <span class='ocrx_word' id='word_1_175' title='bbox 1040 2253 1134 2315; x_wconf 88' lang='lat' dir='ltr'><strong><em>petitur</em></strong></span> <span class='ocrx_word' id='word_1_176' title='bbox 1141 2253 1224 2300; x_wconf 87' lang='lat' dir='ltr'><strong><em>oleam</em></strong></span> <span class='ocrx_word' id='word_1_177' title='bbox 1231 2253 1374 2316; x_wconf 84' lang='lat' dir='ltr'><strong><em>vitemque,</em></strong></span> 
     </span>
     <span class='ocr_line' id='line_1_20' title="bbox 231 2329 1374 2396; baseline 0.003 -19"><span class='ocrx_word' id='word_1_178' title='bbox 231 2329 333 2378; x_wconf 84' lang='lat' dir='ltr'><strong><em>Tacitus</em></strong></span> <span class='ocrx_word' id='word_1_179' title='bbox 349 2329 458 2392; x_wconf 88' lang='lat' dir='ltr'><strong><em>primum</em></strong></span> <span class='ocrx_word' id='word_1_180' title='bbox 474 2332 583 2396; x_wconf 85' lang='lat' dir='ltr'><strong><em>loquitur</em></strong></span> <span class='ocrx_word' id='word_1_181' title='bbox 599 2334 631 2384; x_wconf 91' lang='lat' dir='ltr'><strong><em>de</em></strong></span> <span class='ocrx_word' id='word_1_182' title='bbox 640 2333 776 2382; x_wconf 87' lang='lat' dir='ltr'><strong><em>arboribus.</em></strong></span> <span class='ocrx_word' id='word_1_183' title='bbox 823 2340 904 2383; x_wconf 87' lang='lat' dir='ltr'><strong><em>suetas</em></strong></span> <span class='ocrx_word' id='word_1_184' title='bbox 929 2334 1000 2382; x_wconf 88' lang='lat' dir='ltr'><strong><em>terris</em></strong></span> <span class='ocrx_word' id='word_1_185' title='bbox 1016 2332 1189 2392; x_wconf 85' lang='lat' dir='ltr'><strong><em>calidioribus,</em></strong></span> <span class='ocrx_word' id='word_1_186' title='bbox 1206 2333 1309 2391; x_wconf 80' lang='lat' dir='ltr'><strong><em>Italiae,</em></strong></span> <span class='ocrx_word' id='word_1_187' title='bbox 1325 2333 1374 2380; x_wconf 89' lang='lat' dir='ltr'><strong><em>Hi·</em></strong></span> 
     </span>
     <span class='ocr_line' id='line_1_21' title="bbox 232 2408 1376 2478; baseline 0.002 -19"><span class='ocrx_word' id='word_1_188' title='bbox 232 2408 307 2469; x_wconf 90' lang='lat' dir='ltr'><strong><em>Olea,</em></strong></span> <span class='ocrx_word' id='word_1_189' title='bbox 333 2410 392 2458; x_wconf 79' lang='lat' dir='ltr'><strong><em>vitis</em></strong></span> <span class='ocrx_word' id='word_1_190' title='bbox 416 2419 441 2459; x_wconf 88' lang='lat' dir='ltr'><strong><em>et</em></strong></span> <span class='ocrx_word' id='word_1_191' title='bbox 466 2421 548 2462; x_wconf 87' lang='lat' dir='ltr'><strong><em>cetera</em></strong></span> <span class='ocrx_word' id='word_1_192' title='bbox 564 2419 622 2462; x_wconf 86' lang='lat' dir='ltr'><strong><em>suut</em></strong></span> <span class='ocrx_word' id='word_1_193' title='bbox 639 2419 664 2462; x_wconf 90' lang='lat' dir='ltr'><strong><em>et</em></strong></span> <span class='ocrx_word' id='word_1_194' title='bbox 681 2421 778 2462; x_wconf 88' lang='lat' dir='ltr'><strong><em>ceterae</em></strong></span> <span class='ocrx_word' id='word_1_195' title='bbox 824 2416 937 2478; x_wconf 81' lang='lat' dir='ltr'><strong><em>spaniae,</em></strong></span> <span class='ocrx_word' id='word_1_196' title='bbox 961 2413 1057 2464; x_wconf 79' lang='lat' dir='ltr'><strong><em>Galliae</em></strong></span> <span class='ocrx_word' id='word_1_197' title='bbox 1083 2413 1252 2471; x_wconf 88' lang='lat' dir='ltr'><strong><em>meridionaii;</em></strong></span> <span class='ocrx_word' id='word_1_198' title='bbox 1278 2419 1376 2462; x_wconf 85' lang='lat' dir='ltr'><strong><em>ceteras</em></strong></span> 
     </span>
     <span class='ocr_line' id='line_1_22' title="bbox 229 2491 1373 2557; baseline 0.003 -19"><span class='ocrx_word' id='word_1_199' title='bbox 229 2491 338 2540; x_wconf 85' lang='lat' dir='ltr'><strong><em>arbores.</em></strong></span> <span class='ocrx_word' id='word_1_200' title='bbox 366 2491 476 2540; x_wconf 89' lang='lat' dir='ltr'><strong><em>Additur</em></strong></span> <span class='ocrx_word' id='word_1_201' title='bbox 490 2500 776 2556; x_wconf 86' lang='lat' dir='ltr'><strong><em>ceterancutrogeuere,</em></strong></span> <span class='ocrx_word' id='word_1_202' title='bbox 824 2497 922 2546; x_wconf 81' lang='lat' dir='ltr'><strong><em>arbores</em></strong></span> <span class='ocrx_word' id='word_1_203' title='bbox 947 2496 978 2544; x_wconf 87' lang='lat' dir='ltr'><strong><em>iis</em></strong></span> <span class='ocrx_word' id='word_1_204' title='bbox 1002 2495 1146 2557; x_wconf 88' lang='lat' dir='ltr'><strong><em>regionibus</em></strong></span> <span class='ocrx_word' id='word_1_205' title='bbox 1168 2500 1262 2552; x_wconf 88' lang='lat' dir='ltr'><strong><em>suetas,</em></strong></span> <span class='ocrx_word' id='word_1_206' title='bbox 1279 2507 1373 2557; x_wconf 85' lang='lat' dir='ltr'><strong><em>poma,</em></strong></span> 
     </span>
     <span class='ocr_line' id='line_1_23' title="bbox 229 2572 1375 2640; baseline 0.003 -21"><span class='ocrx_word' id='word_1_207' title='bbox 229 2578 257 2620; x_wconf 89' lang='lat' dir='ltr'><strong><em>ut</em></strong></span> <span class='ocrx_word' id='word_1_208' title='bbox 274 2572 301 2619; x_wconf 91' lang='lat' dir='ltr'><strong><em>in</em></strong></span> <span class='ocrx_word' id='word_1_209' title='bbox 318 2573 374 2620; x_wconf 88' lang='lat' dir='ltr'><strong><em>loco</em></strong></span> <span class='ocrx_word' id='word_1_210' title='bbox 390 2573 458 2620; x_wconf 85' lang='lat' dir='ltr'><strong><em>haud</em></strong></span> <span class='ocrx_word' id='word_1_211' title='bbox 473 2575 581 2624; x_wconf 88' lang='lat' dir='ltr'><strong><em>muitum</em></strong></span> <span class='ocrx_word' id='word_1_212' title='bbox 589 2575 704 2624; x_wconf 88' lang='lat' dir='ltr'><strong><em>dissimili</em></strong></span> <span class='ocrx_word' id='word_1_213' title='bbox 712 2577 778 2638; x_wconf 87' lang='lat' dir='ltr'><strong><em>apud</em></strong></span> <span class='ocrx_word' id='word_1_214' title='bbox 822 2577 890 2640; x_wconf 89' lang='lat' dir='ltr'><strong><em>pira,</em></strong></span> <span class='ocrx_word' id='word_1_215' title='bbox 915 2589 1012 2634; x_wconf 84' lang='lat' dir='ltr'><strong><em>cerasa,</em></strong></span> <span class='ocrx_word' id='word_1_216' title='bbox 1037 2575 1137 2638; x_wconf 87' lang='lat' dir='ltr'><strong><em>patitur.</em></strong></span> <span class='ocrx_word' id='word_1_217' title='bbox 1157 2573 1257 2637; x_wconf 84' lang='lat' dir='ltr'><strong><em>Cogitat</em></strong></span> <span class='ocrx_word' id='word_1_218' title='bbox 1271 2580 1375 2622; x_wconf 86' lang='lat' dir='ltr'><strong><em>tantum</em></strong></span> 
     </span>
     <span class='ocr_line' id='line_1_24' title="bbox 231 2651 1374 2718; baseline 0.003 -18"><span class='ocrx_word' id='word_1_219' title='bbox 231 2651 300 2700; x_wconf 91' lang='lat' dir='ltr'><strong><em>Plin.</em></strong></span> <span class='ocrx_word' id='word_1_220' title='bbox 326 2653 405 2715; x_wconf 81' lang='lat' dir='ltr'><strong><em>Epist.</em></strong></span> <span class='ocrx_word' id='word_1_221' title='bbox 424 2653 459 2701; x_wconf 86' lang='lat' dir='ltr'><strong><em>V.</em></strong></span> <span class='ocrx_word' id='word_1_222' title='bbox 477 2657 501 2702; x_wconf 89' lang='grc'><strong><em>6.</em></strong></span> <span class='ocrx_word' id='word_1_223' title='bbox 538 2654 634 2704; x_wconf 81' lang='lat' dir='ltr'><strong><em>Goeium</em></strong></span> <span class='ocrx_word' id='word_1_224' title='bbox 650 2663 687 2704; x_wconf 86' lang='lat' dir='ltr'><strong><em>est</em></strong></span> <span class='ocrx_word' id='word_1_225' title='bbox 703 2655 778 2704; x_wconf 76' lang='lat' dir='ltr'><strong><em>bione</em></strong></span> <span class='ocrx_word' id='word_1_226' title='bbox 825 2657 937 2714; x_wconf 86' lang='lat' dir='ltr'><strong><em>arbores,</em></strong></span> <span class='ocrx_word' id='word_1_227' title='bbox 963 2655 1090 2704; x_wconf 83' lang='lat' dir='ltr'><strong><em>fructuum</em></strong></span> <span class='ocrx_word' id='word_1_228' title='bbox 1107 2655 1211 2714; x_wconf 76' lang='lat' dir='ltr'><strong><em>feroces,</em></strong></span> <span class='ocrx_word' id='word_1_229' title='bbox 1229 2656 1311 2718; x_wconf 86' lang='lat' dir='ltr'><strong><em>itaque</em></strong></span> <span class='ocrx_word' id='word_1_230' title='bbox 1329 2657 1374 2704; x_wconf 81' lang='lat' dir='ltr'><strong><em>ud·</em></strong></span> 
     </span>
     <span class='ocr_line' id='line_1_25' title="bbox 225 2731 1373 2801; baseline 0.002 -19"><span class='ocrx_word' id='word_1_231' title='bbox 225 2731 354 2798; x_wconf 73' lang='lat' dir='ltr'><strong><em>sriqidum</em></strong></span> <span class='ocrx_word' id='word_1_232' title='bbox 380 2740 403 2780; x_wconf 87' lang='lat' dir='ltr'><strong><em>et</em></strong></span> <span class='ocrx_word' id='word_1_233' title='bbox 426 2732 548 2797; x_wconf 73' lang='lat' dir='ltr'><strong><em>qeiidum;</em></strong></span> <span class='ocrx_word' id='word_1_234' title='bbox 574 2745 676 2801; x_wconf 74' lang='lat' dir='ltr'><strong><em>myrtos,</em></strong></span> <span class='ocrx_word' id='word_1_235' title='bbox 694 2735 777 2796; x_wconf 82' lang='lat' dir='ltr'><strong><em>oleas,</em></strong></span> <span class='ocrx_word' id='word_1_236' title='bbox 824 2737 905 2798; x_wconf 89' lang='lat' dir='ltr'><strong><em>iungit</em></strong></span> <span class='ocrx_word' id='word_1_237' title='bbox 929 2735 1091 2784; x_wconf 84' lang='lat' dir='ltr'><strong><em>frumentum.</em></strong></span> <span class='ocrx_word' id='word_1_238' title='bbox 1126 2735 1218 2785; x_wconf 83' lang='lat' dir='ltr'><strong><em>Cacsar</em></strong></span> <span class='ocrx_word' id='word_1_239' title='bbox 1234 2737 1265 2784; x_wconf 90' lang='lat' dir='ltr'><strong><em>B.</em></strong></span> <span class='ocrx_word' id='word_1_240' title='bbox 1283 2734 1314 2784; x_wconf 90' lang='lat' dir='ltr'><strong><em>G.</em></strong></span> <span class='ocrx_word' id='word_1_241' title='bbox 1334 2737 1373 2784; x_wconf 91' lang='lat' dir='ltr'><strong><em>V.</em></strong></span> 
     </span>
     <span class='ocr_line' id='line_1_26' title="bbox 231 2813 1375 2880; baseline 0.003 -18"><span class='ocrx_word' id='word_1_242' title='bbox 231 2822 255 2862; x_wconf 90' lang='lat' dir='ltr'><strong><em>et</em></strong></span> <span class='ocrx_word' id='word_1_243' title='bbox 272 2829 336 2877; x_wconf 86' lang='lat' dir='ltr'><strong><em>quae</em></strong></span> <span class='ocrx_word' id='word_1_244' title='bbox 353 2813 407 2863; x_wconf 88' lang='lat' dir='ltr'><strong><em>alia</em></strong></span> <span class='ocrx_word' id='word_1_245' title='bbox 423 2813 522 2864; x_wconf 85' lang='lat' dir='ltr'><strong><em>assiduo</em></strong></span> <span class='ocrx_word' id='word_1_246' title='bbox 539 2823 623 2880; x_wconf 84' lang='lat' dir='ltr'><strong><em>tepore</em></strong></span> <span class='ocrx_word' id='word_1_247' title='bbox 639 2815 777 2876; x_wconf 83' lang='lat' dir='ltr'><strong><em>laetantur,</em></strong></span> <span class='ocrx_word' id='word_1_248' title='bbox 827 2823 864 2866; x_wconf 83' lang='lat'><strong><em>11.</em></strong></span> <span class='ocrx_word' id='word_1_249' title='bbox 890 2817 917 2864; x_wconf 91' lang='lat' dir='ltr'><strong><em>in</em></strong></span> <span class='ocrx_word' id='word_1_250' title='bbox 939 2817 1084 2864; x_wconf 86' lang='lat' dir='ltr'><strong><em>universum</em></strong></span> <span class='ocrx_word' id='word_1_251' title='bbox 1101 2819 1132 2867; x_wconf 90' lang='lat' dir='ltr'><strong><em>de</em></strong></span> <span class='ocrx_word' id='word_1_252' title='bbox 1148 2818 1275 2866; x_wconf 85' lang='lat' dir='ltr'><strong><em>arboribus</em></strong></span> <span class='ocrx_word' id='word_1_253' title='bbox 1290 2817 1375 2880; x_wconf 86' lang='lat' dir='ltr'><strong><em>ioqui·</em></strong></span> 
     </span>
     <span class='ocr_line' id='line_1_27' title="bbox 230 2894 1373 2960; baseline 0.001 -17"><span class='ocrx_word' id='word_1_254' title='bbox 230 2903 380 2960; x_wconf 86' lang='lat' dir='ltr'><strong><em>aspernatur</em></strong></span> <span class='ocrx_word' id='word_1_255' title='bbox 397 2903 422 2943; x_wconf 89' lang='lat' dir='ltr'><strong><em>et</em></strong></span> <span class='ocrx_word' id='word_1_256' title='bbox 437 2895 540 2959; x_wconf 81' lang='lat' dir='ltr'><strong><em>respuit.</em></strong></span> <span class='ocrx_word' id='word_1_257' title='bbox 574 2894 686 2946; x_wconf 84' lang='lat' dir='ltr'><strong><em>Laurum</em></strong></span> <span class='ocrx_word' id='word_1_258' title='bbox 700 2906 778 2946; x_wconf 86' lang='lat' dir='ltr'><strong><em>tomen</em></strong></span> <span class='ocrx_word' id='word_1_259' title='bbox 823 2904 876 2956; x_wconf 87' lang='lat' dir='ltr'><strong><em>tur,</em></strong></span> <span class='ocrx_word' id='word_1_260' title='bbox 901 2898 997 2956; x_wconf 84' lang='lat' dir='ltr'><strong><em>minus,</em></strong></span> <span class='ocrx_word' id='word_1_261' title='bbox 1023 2902 1051 2945; x_wconf 89' lang='lat' dir='ltr'><strong><em>ut</em></strong></span> <span class='ocrx_word' id='word_1_262' title='bbox 1067 2897 1173 2956; x_wconf 88' lang='lat' dir='ltr'><strong><em>videtur,</em></strong></span> <span class='ocrx_word' id='word_1_263' title='bbox 1190 2898 1222 2944; x_wconf 90' lang='lat' dir='ltr'><strong><em>de</em></strong></span> <span class='ocrx_word' id='word_1_264' title='bbox 1237 2895 1373 2958; x_wconf 78' lang='lat' dir='ltr'><strong><em>frugiferis.</em></strong></span> 
     </span>
     <span class='ocr_line' id='line_1_28' title="bbox 227 2977 1372 3044; baseline 0.001 -19"><span class='ocrx_word' id='word_1_265' title='bbox 227 2977 341 3042; x_wconf 82' lang='lat' dir='ltr'><strong><em>potitur,</em></strong></span> <span class='ocrx_word' id='word_1_266' title='bbox 359 2985 434 3040; x_wconf 87' lang='lat' dir='ltr'><strong><em>atque</em></strong></span> <span class='ocrx_word' id='word_1_267' title='bbox 450 2977 524 3026; x_wconf 88' lang='lat' dir='ltr'><strong><em>etiam</em></strong></span> <span class='ocrx_word' id='word_1_268' title='bbox 537 2977 709 3028; x_wconf 86' lang='lat' dir='ltr'><strong><em>nitidissimam</em></strong></span> <span class='ocrx_word' id='word_1_269' title='bbox 719 2996 777 3044; x_wconf 85' lang='lat' dir='ltr'><strong><em>pro·</em></strong></span> <span class='ocrx_word' id='word_1_270' title='bbox 824 2980 858 3026; x_wconf 85' lang='lat' dir='ltr'><strong><em>Et</em></strong></span> <span class='ocrx_word' id='word_1_271' title='bbox 882 2978 930 3026; x_wconf 90' lang='lat' dir='ltr'><strong><em>ista</em></strong></span> <span class='ocrx_word' id='word_1_272' title='bbox 955 2977 1043 3026; x_wconf 86' lang='lat' dir='ltr'><strong><em>Tacito</em></strong></span> <span class='ocrx_word' id='word_1_273' title='bbox 1068 2977 1158 3025; x_wconf 87' lang='lat' dir='ltr'><strong><em>melius</em></strong></span> <span class='ocrx_word' id='word_1_274' title='bbox 1175 2983 1245 3026; x_wconf 84' lang='lat' dir='ltr'><strong><em>erunt</em></strong></span> <span class='ocrx_word' id='word_1_275' title='bbox 1262 2977 1372 3038; x_wconf 84' lang='lat' dir='ltr'><strong><em>cognita.</em></strong></span> 
     </span>
     <span class='ocr_line' id='line_1_29' title="bbox 225 3055 1374 3123; baseline -0.001 -17"><span class='ocrx_word' id='word_1_276' title='bbox 225 3059 293 3121; x_wconf 86' lang='lat' dir='ltr'><strong><em>fert.</em></strong></span> <span class='ocrx_word' id='word_1_277' title='bbox 329 3057 393 3118; x_wconf 83' lang='lat' dir='ltr'><strong><em>Quis</em></strong></span> <span class='ocrx_word' id='word_1_278' title='bbox 417 3073 529 3123; x_wconf 87' lang='lat' dir='ltr'><strong><em>unquam</em></strong></span> <span class='ocrx_word' id='word_1_279' title='bbox 548 3060 583 3108; x_wconf 92' lang='lat' dir='ltr'><strong><em>sic</em></strong></span> <span class='ocrx_word' id='word_1_280' title='bbox 599 3060 669 3123; x_wconf 88' lang='lat' dir='ltr'><strong><em>loqui</em></strong></span> <span class='ocrx_word' id='word_1_281' title='bbox 685 3062 776 3122; x_wconf 87' lang='lat' dir='ltr'><strong><em>potuit:</em></strong></span> <span class='ocrx_word' id='word_1_282' title='bbox 824 3058 931 3108; x_wconf 83' lang='lat' dir='ltr'><strong><em>Caesar:</em></strong></span> <span class='ocrx_word' id='word_1_283' title='bbox 957 3055 1063 3106; x_wconf 87' lang='lat' dir='ltr'><strong><em>materia</em></strong></span> <span class='ocrx_word' id='word_1_284' title='bbox 1085 3057 1203 3119; x_wconf 83' lang='lat' dir='ltr'><strong><em>cuiusque</em></strong></span> <span class='ocrx_word' id='word_1_285' title='bbox 1217 3057 1326 3120; x_wconf 65' lang='lat' dir='ltr'><strong><em>yonnis,</em></strong></span> <span class='ocrx_word' id='word_1_286' title='bbox 1344 3067 1374 3105; x_wconf 87' lang='lat' dir='ltr'><strong><em>ut</em></strong></span> 
     </span>
     <span class='ocr_line' id='line_1_30' title="bbox 232 3135 1373 3202; baseline 0 -16"><span class='ocrx_word' id='word_1_287' title='bbox 232 3137 321 3188; x_wconf 90' lang='lat' dir='ltr'><strong><em>Solum</em></strong></span> <span class='ocrx_word' id='word_1_288' title='bbox 347 3140 507 3198; x_wconf 87' lang='lat' dir='ltr'><strong><em>Britanniae,</em></strong></span> <span class='ocrx_word' id='word_1_289' title='bbox 532 3147 629 3202; x_wconf 88' lang='lat' dir='ltr'><strong><em>praeter</em></strong></span> <span class='ocrx_word' id='word_1_290' title='bbox 645 3142 727 3190; x_wconf 85' lang='lat' dir='ltr'><strong><em>oleam</em></strong></span> <span class='ocrx_word' id='word_1_291' title='bbox 742 3143 778 3190; x_wconf 85' lang='lat' dir='ltr'><strong><em>vi·</em></strong></span> <span class='ocrx_word' id='word_1_292' title='bbox 823 3138 848 3186; x_wconf 87' lang='lat' dir='ltr'><strong><em>in</em></strong></span> <span class='ocrx_word' id='word_1_293' title='bbox 877 3135 963 3187; x_wconf 78' lang='lat' dir='ltr'><strong><em>Gallia</em></strong></span> <span class='ocrx_word' id='word_1_294' title='bbox 989 3145 1038 3196; x_wconf 87' lang='lat' dir='ltr'><strong><em>est,</em></strong></span> <span class='ocrx_word' id='word_1_295' title='bbox 1061 3145 1165 3202; x_wconf 85' lang='lat' dir='ltr'><strong><em>praeter</em></strong></span> <span class='ocrx_word' id='word_1_296' title='bbox 1185 3138 1279 3200; x_wconf 75' lang='lat' dir='ltr'><strong><em>sapum</em></strong></span> <span class='ocrx_word' id='word_1_297' title='bbox 1295 3139 1373 3200; x_wconf 80' lang='lat' dir='ltr'><strong><em>utque</em></strong></span> 
     </span>
     <span class='ocr_line' id='line_1_31' title="bbox 230 3215 1373 3282; baseline 0 -16"><span class='ocrx_word' id='word_1_298' title='bbox 230 3225 330 3280; x_wconf 87' lang='lat' dir='ltr'><strong><em>temque</em></strong></span> <span class='ocrx_word' id='word_1_299' title='bbox 347 3225 371 3267; x_wconf 91' lang='lat' dir='ltr'><strong><em>et</em></strong></span> <span class='ocrx_word' id='word_1_300' title='bbox 387 3220 776 3282; x_wconf 86' lang='lat' dir='ltr'><strong><em>cetera‚patiensestirumentil</em></strong></span> <span class='ocrx_word' id='word_1_301' title='bbox 823 3218 932 3267; x_wconf 86' lang='lat' dir='ltr'><strong><em>abietem.</em></strong></span> <span class='ocrx_word' id='word_1_302' title='bbox 976 3218 1083 3268; x_wconf 84' lang='lat' dir='ltr'><strong><em>Wexius</em></strong></span> <span class='ocrx_word' id='word_1_303' title='bbox 1116 3231 1214 3282; x_wconf 89' lang='lat' dir='ltr'><strong><em>quoque</em></strong></span> <span class='ocrx_word' id='word_1_304' title='bbox 1234 3215 1373 3280; x_wconf 81' lang='lat' dir='ltr'><strong><em>fecundum</em></strong></span> 
     </span>
     <span class='ocr_line' id='line_1_32' title="bbox 169 3295 1372 3365; baseline -0.001 -19"><span class='ocrx_word' id='word_1_305' title='bbox 169 3338 178 3352; x_wconf 83' lang='grc'><strong><em>,.</em></strong></span> <span class='ocrx_word' id='word_1_306' title='bbox 233 3295 344 3346; x_wconf 90' lang='lat' dir='ltr'><strong><em>Omnino</em></strong></span> <span class='ocrx_word' id='word_1_307' title='bbox 369 3299 464 3362; x_wconf 91' lang='lat' dir='ltr'><strong><em>aliquid</em></strong></span> <span class='ocrx_word' id='word_1_308' title='bbox 488 3300 537 3348; x_wconf 87' lang='lat' dir='ltr'><strong><em>dici</em></strong></span> <span class='ocrx_word' id='word_1_309' title='bbox 553 3301 693 3362; x_wconf 90' lang='lat' dir='ltr'><strong><em>oportebat,</em></strong></span> <span class='ocrx_word' id='word_1_310' title='bbox 712 3303 778 3365; x_wconf 89' lang='lat' dir='ltr'><strong><em>quod</em></strong></span> <span class='ocrx_word' id='word_1_311' title='bbox 823 3300 902 3358; x_wconf 89' lang='lat' dir='ltr'><strong><em>delet,</em></strong></span> <span class='ocrx_word' id='word_1_312' title='bbox 927 3299 1064 3362; x_wconf 82' lang='lat' dir='ltr'><strong><em>asyndeton</em></strong></span> <span class='ocrx_word' id='word_1_313' title='bbox 1087 3299 1188 3362; x_wconf 73' lang='lat' dir='ltr'><strong><em>patieris</em></strong></span> <span class='ocrx_word' id='word_1_314' title='bbox 1207 3299 1314 3360; x_wconf 76' lang='lat' dir='ltr'><strong><em>flupum</em></strong></span> <span class='ocrx_word' id='word_1_315' title='bbox 1326 3300 1372 3362; x_wconf 78' lang='lat' dir='ltr'><strong><em>sa·</em></strong></span> 
     </span>
     <span class='ocr_line' id='line_1_33' title="bbox 231 3378 1373 3445; baseline -0.001 -17"><span class='ocrx_word' id='word_1_316' title='bbox 231 3380 263 3428; x_wconf 86' lang='lat' dir='ltr'><strong><em>ad</em></strong></span> <span class='ocrx_word' id='word_1_317' title='bbox 288 3379 370 3430; x_wconf 89' lang='lat' dir='ltr'><strong><em>oleam</em></strong></span> <span class='ocrx_word' id='word_1_318' title='bbox 394 3381 471 3428; x_wconf 84' lang='lat' dir='ltr'><strong><em>vitem</em></strong></span> <span class='ocrx_word' id='word_1_319' title='bbox 494 3387 518 3429; x_wconf 89' lang='lat' dir='ltr'><strong><em>ct</em></strong></span> <span class='ocrx_word' id='word_1_320' title='bbox 534 3386 616 3429; x_wconf 88' lang='lat' dir='ltr'><strong><em>cetera</em></strong></span> <span class='ocrx_word' id='word_1_321' title='bbox 631 3383 777 3445; x_wconf 88' lang='lat' dir='ltr'><strong><em>pertineret,</em></strong></span> <span class='ocrx_word' id='word_1_322' title='bbox 824 3379 925 3429; x_wconf 86' lang='lat' dir='ltr'><strong><em>cundum</em></strong></span> <span class='ocrx_word' id='word_1_323' title='bbox 949 3395 1001 3428; x_wconf 88' lang='lat' dir='ltr'><strong><em>non</em></strong></span> <span class='ocrx_word' id='word_1_324' title='bbox 1026 3381 1127 3441; x_wconf 86' lang='lat' dir='ltr'><strong><em>probat,</em></strong></span> <span class='ocrx_word' id='word_1_325' title='bbox 1152 3378 1311 3426; x_wconf 85' lang='lat' dir='ltr'><strong><em>scribendum</em></strong></span> <span class='ocrx_word' id='word_1_326' title='bbox 1336 3378 1373 3428; x_wconf 91' lang='lat' dir='ltr'><strong><em>ita</em></strong></span> 
     </span>
     <span class='ocr_line' id='line_1_34' title="bbox 232 3459 1373 3524; baseline -0.002 -16"><span class='ocrx_word' id='word_1_327' title='bbox 232 3467 256 3508; x_wconf 89' lang='lat' dir='ltr'><strong><em>et</em></strong></span> <span class='ocrx_word' id='word_1_328' title='bbox 280 3467 378 3524; x_wconf 87' lang='lat' dir='ltr'><strong><em>praeter</em></strong></span> <span class='ocrx_word' id='word_1_329' title='bbox 401 3461 450 3510; x_wconf 90' lang='lat' dir='ltr'><strong><em>ista</em></strong></span> <span class='ocrx_word' id='word_1_330' title='bbox 474 3462 501 3510; x_wconf 93' lang='lat' dir='ltr'><strong><em>in</em></strong></span> <span class='ocrx_word' id='word_1_331' title='bbox 519 3462 652 3511; x_wconf 86' lang='lat' dir='ltr'><strong><em>Britannia</em></strong></span> <span class='ocrx_word' id='word_1_332' title='bbox 668 3477 777 3512; x_wconf 87' lang='lat' dir='ltr'><strong><em>nascere·</em></strong></span> <span class='ocrx_word' id='word_1_333' title='bbox 822 3461 912 3518; x_wconf 82' lang='lat' dir='ltr'><strong><em>tuisse,</em></strong></span> <span class='ocrx_word' id='word_1_334' title='bbox 926 3467 955 3508; x_wconf 90' lang='lat' dir='ltr'><strong><em>ut</em></strong></span> <span class='ocrx_word' id='word_1_335' title='bbox 970 3461 987 3508; x_wconf 95' lang='lat' dir='ltr'><strong><em>l.</em></strong></span> <span class='ocrx_word' id='word_1_336' title='bbox 1006 3461 1023 3508; x_wconf 94' lang='lat' dir='ltr'><strong><em>l.</em></strong></span> <span class='ocrx_word' id='word_1_337' title='bbox 1042 3460 1132 3518; x_wconf 89' lang='lat' dir='ltr'><strong><em>Plinii,</em></strong></span> <span class='ocrx_word' id='word_1_338' title='bbox 1149 3467 1225 3521; x_wconf 81' lang='lat' dir='ltr'><strong><em>atque</em></strong></span> <span class='ocrx_word' id='word_1_339' title='bbox 1242 3459 1315 3507; x_wconf 86' lang='lat' dir='ltr'><strong><em>etiam</em></strong></span> <span class='ocrx_word' id='word_1_340' title='bbox 1326 3461 1373 3522; x_wconf 86' lang='lat' dir='ltr'><strong><em>se-</em></strong></span> 
     </span>
     <span class='ocr_line' id='line_1_35' title="bbox 206 3537 1374 3602; baseline 0 -14"><span class='ocrx_word' id='word_1_341' title='bbox 206 3564 210 3567; x_wconf 56' lang='lat'>&lt;</span> <span class='ocrx_word' id='word_1_342' title='bbox 231 3549 279 3588; x_wconf 90' lang='lat' dir='ltr'><strong><em>tur.</em></strong></span> <span class='ocrx_word' id='word_1_343' title='bbox 310 3540 360 3590; x_wconf 90' lang='lat' dir='ltr'><strong><em>Vel</em></strong></span> <span class='ocrx_word' id='word_1_344' title='bbox 377 3542 430 3590; x_wconf 90' lang='lat' dir='ltr'><strong><em>sola</em></strong></span> <span class='ocrx_word' id='word_1_345' title='bbox 445 3557 497 3591; x_wconf 83' lang='lat' dir='ltr'><strong><em>vox</em></strong></span> <span class='ocrx_word' id='word_1_346' title='bbox 514 3544 627 3593; x_wconf 82' lang='lat' dir='ltr'><strong><em>arborum</em></strong></span> <span class='ocrx_word' id='word_1_347' title='bbox 635 3545 777 3594; x_wconf 86' lang='lat' dir='ltr'><strong><em>sufficiebat.</em></strong></span> <span class='ocrx_word' id='word_1_348' title='bbox 824 3541 937 3600; x_wconf 87' lang='lat' dir='ltr'><strong><em>cundum,</em></strong></span> <span class='ocrx_word' id='word_1_349' title='bbox 968 3541 1009 3589; x_wconf 89' lang='lat' dir='ltr'><strong><em>vel</em></strong></span> <span class='ocrx_word' id='word_1_350' title='bbox 1034 3555 1064 3588; x_wconf 89' lang='lat' dir='ltr'><strong><em>uc</em></strong></span> <span class='ocrx_word' id='word_1_351' title='bbox 1083 3537 1236 3602; x_wconf 82' lang='lat' dir='ltr'><strong><em>fecundum.-</em></strong></span> <span class='ocrx_word' id='word_1_352' title='bbox 1262 3539 1374 3602; x_wconf 83' lang='lat' dir='ltr'><strong><em>glossam</em></strong></span> 
     </span>
     <span class='ocr_line' id='line_1_36' title="bbox 232 3619 1373 3684; baseline -0.001 -16"><span class='ocrx_word' id='word_1_353' title='bbox 232 3619 679 3684; x_wconf 82' lang='lat' dir='ltr'><strong><em>lamoririplanesupervncuumest.</em></strong></span> <span class='ocrx_word' id='word_1_354' title='bbox 695 3626 777 3674; x_wconf 88' lang='lat' dir='ltr'><strong><em>Multo</em></strong></span> <span class='ocrx_word' id='word_1_355' title='bbox 823 3622 925 3671; x_wconf 84' lang='lat' dir='ltr'><strong><em>fortasse</em></strong></span> <span class='ocrx_word' id='word_1_356' title='bbox 949 3622 1010 3670; x_wconf 88' lang='lat' dir='ltr'><strong><em>hinc</em></strong></span> <span class='ocrx_word' id='word_1_357' title='bbox 1033 3627 1127 3680; x_wconf 86' lang='lat' dir='ltr'><strong><em>ortam,</em></strong></span> <span class='ocrx_word' id='word_1_358' title='bbox 1153 3621 1221 3682; x_wconf 91' lang='lat' dir='ltr'><strong><em>quod</em></strong></span> <span class='ocrx_word' id='word_1_359' title='bbox 1244 3619 1312 3668; x_wconf 88' lang='lat' dir='ltr'><strong><em>iilius</em></strong></span> <span class='ocrx_word' id='word_1_360' title='bbox 1330 3635 1373 3668; x_wconf 84' lang='lat' dir='ltr'><strong><em>au-</em></strong></span> 
     </span>
     <span class='ocr_line' id='line_1_37' title="bbox 232 3701 1372 3766; baseline -0.002 -17"><span class='ocrx_word' id='word_1_361' title='bbox 232 3701 369 3764; x_wconf 86' lang='lat' dir='ltr'><strong><em>elegantius</em></strong></span> <span class='ocrx_word' id='word_1_362' title='bbox 403 3709 485 3750; x_wconf 87' lang='lat' dir='ltr'><strong><em>cetera</em></strong></span> <span class='ocrx_word' id='word_1_363' title='bbox 518 3702 677 3754; x_wconf 85' lang='lat' dir='ltr'><strong><em>calidioribus</em></strong></span> <span class='ocrx_word' id='word_1_364' title='bbox 703 3707 777 3754; x_wconf 83' lang='lat' dir='ltr'><strong><em>terris</em></strong></span> <span class='ocrx_word' id='word_1_365' title='bbox 823 3704 884 3752; x_wconf 89' lang='lat' dir='ltr'><strong><em>ctori</em></strong></span> <span class='ocrx_word' id='word_1_366' title='bbox 900 3705 1008 3766; x_wconf 65' lang='lat' dir='ltr'><strong><em>frugum</em></strong></span> <span class='ocrx_word' id='word_1_367' title='bbox 1020 3701 1122 3766; x_wconf 86' lang='lat' dir='ltr'><strong><em>patiens</em></strong></span> <span class='ocrx_word' id='word_1_368' title='bbox 1138 3701 1215 3748; x_wconf 89' lang='lat' dir='ltr'><strong><em>dictio</em></strong></span> <span class='ocrx_word' id='word_1_369' title='bbox 1231 3701 1372 3763; x_wconf 77' lang='lat' dir='ltr'><strong><em>nimispoii·</em></strong></span> 
     </span>
     <span class='ocr_line' id='line_1_38' title="bbox 232 3781 1374 3844; baseline -0.001 -14"><span class='ocrx_word' id='word_1_370' title='bbox 232 3789 310 3830; x_wconf 87' lang='lat' dir='ltr'><strong><em>sueta.</em></strong></span> <span class='ocrx_word' id='word_1_371' title='bbox 330 3781 410 3830; x_wconf 85' lang='lat' dir='ltr'><strong><em>Tacit.</em></strong></span> <span class='ocrx_word' id='word_1_372' title='bbox 427 3782 496 3830; x_wconf 91' lang='lat' dir='ltr'><strong><em>Hist.</em></strong></span> <span class='ocrx_word' id='word_1_373' title='bbox 515 3782 549 3830; x_wconf 92' lang='lat' dir='ltr'><strong><em>V.</em></strong></span> <span class='ocrx_word' id='word_1_374' title='bbox 570 3788 608 3831; x_wconf 87' lang='lat'><strong><em>14.</em></strong></span> <span class='ocrx_word' id='word_1_375' title='bbox 640 3783 778 3834; x_wconf 85' lang='lat' dir='ltr'><strong><em>Germanos</em></strong></span> <span class='ocrx_word' id='word_1_376' title='bbox 823 3784 872 3831; x_wconf 90' lang='lat' dir='ltr'><strong><em>tica</em></strong></span> <span class='ocrx_word' id='word_1_377' title='bbox 887 3783 1024 3842; x_wconf 85' lang='lat' dir='ltr'><strong><em>videretur,</em></strong></span> <span class='ocrx_word' id='word_1_378' title='bbox 1042 3782 1374 3844; x_wconf 85' lang='lat' dir='ltr'><strong><em>velpotius,aumvoluisse</em></strong></span> 
     </span>
     <span class='ocr_line' id='line_1_39' title="bbox 231 3861 1373 3924; baseline 0 -14"><span class='ocrx_word' id='word_1_379' title='bbox 231 3868 303 3912; x_wconf 87' lang='lat' dir='ltr'><strong><em>vocat</em></strong></span> <span class='ocrx_word' id='word_1_380' title='bbox 314 3861 459 3924; x_wconf 75' lang='lat' dir='ltr'><strong><em>fluminibus</em></strong></span> <span class='ocrx_word' id='word_1_381' title='bbox 475 3871 565 3922; x_wconf 89' lang='lat' dir='ltr'><strong><em>suetos,</em></strong></span> <span class='ocrx_word' id='word_1_382' title='bbox 583 3870 607 3913; x_wconf 90' lang='lat' dir='ltr'><strong><em>et</em></strong></span> <span class='ocrx_word' id='word_1_383' title='bbox 616 3865 651 3914; x_wconf 88' lang='lat' dir='ltr'><strong><em>V.</em></strong></span> <span class='ocrx_word' id='word_1_384' title='bbox 661 3863 778 3914; x_wconf 57' lang='lat' dir='ltr'><strong><em>&amp;Lacus</em></strong></span> <span class='ocrx_word' id='word_1_385' title='bbox 823 3869 943 3912; x_wconf 87' lang='lat' dir='ltr'><strong><em>annotare</em></strong></span> <span class='ocrx_word' id='word_1_386' title='bbox 959 3863 1373 3924; x_wconf 80' lang='lat' dir='ltr'><strong><em>fecunditatemBritanniaequam</em></strong></span> 
     </span>
     <span class='ocr_line' id='line_1_40' title="bbox 231 3942 1374 4008; baseline 0.001 -18"><span class='ocrx_word' id='word_1_387' title='bbox 231 3959 307 4008; x_wconf 85' lang='lat' dir='ltr'><strong><em>neque</em></strong></span> <span class='ocrx_word' id='word_1_388' title='bbox 320 3942 404 4008; x_wconf 78' lang='lat' dir='ltr'><strong><em>pisces</em></strong></span> <span class='ocrx_word' id='word_1_389' title='bbox 421 3953 465 3992; x_wconf 88' lang='lat' dir='ltr'><strong><em>aut</em></strong></span> <span class='ocrx_word' id='word_1_390' title='bbox 481 3953 565 3992; x_wconf 87' lang='lat' dir='ltr'><strong><em>suetas</em></strong></span> <span class='ocrx_word' id='word_1_391' title='bbox 581 3945 777 4008; x_wconf 81' lang='lat' dir='ltr'><strong><em>oquieuoiucres</em></strong></span> <span class='ocrx_word' id='word_1_392' title='bbox 823 3943 888 4006; x_wconf 79' lang='lat' dir='ltr'><strong><em>apud</em></strong></span> <span class='ocrx_word' id='word_1_393' title='bbox 913 3943 1015 3992; x_wconf 84' lang='lat' dir='ltr'><strong><em>seriores</em></strong></span> <span class='ocrx_word' id='word_1_394' title='bbox 1039 3945 1170 4007; x_wconf 89' lang='lat' dir='ltr'><strong><em>scriptores</em></strong></span> <span class='ocrx_word' id='word_1_395' title='bbox 1191 3944 1317 3995; x_wconf 74' lang='lat' dir='ltr'><strong><em>lauduuo</em></strong></span> <span class='ocrx_word' id='word_1_396' title='bbox 1334 3943 1374 3991; x_wconf 88' lang='lat' dir='ltr'><strong><em>iu·</em></strong></span> 
     </span>
     <span class='ocr_line' id='line_1_41' title="bbox 227 4023 1374 4088; baseline -0.002 -14"><span class='ocrx_word' id='word_1_397' title='bbox 227 4024 336 4088; x_wconf 81' lang='lat' dir='ltr'><strong><em>patitur.</em></strong></span> <span class='ocrx_word' id='word_1_398' title='bbox 377 4024 428 4074; x_wconf 91' lang='lat' dir='ltr'><strong><em>Pro</em></strong></span> <span class='ocrx_word' id='word_1_399' title='bbox 459 4025 522 4074; x_wconf 85' lang='lat' dir='ltr'><strong><em>oriri</em></strong></span> <span class='ocrx_word' id='word_1_400' title='bbox 548 4026 662 4085; x_wconf 83' lang='lat' dir='ltr'><strong><em>Tacitus,</em></strong></span> <span class='ocrx_word' id='word_1_401' title='bbox 687 4027 776 4086; x_wconf 91' lang='lat' dir='ltr'><strong><em>credo,</em></strong></span> <span class='ocrx_word' id='word_1_402' title='bbox 822 4024 945 4072; x_wconf 80' lang='lat' dir='ltr'><strong><em>venimus.</em></strong></span> <span class='ocrx_word' id='word_1_403' title='bbox 972 4025 1098 4073; x_wconf 83' lang='lat' dir='ltr'><strong><em>Kritaius:</em></strong></span> <span class='ocrx_word' id='word_1_404' title='bbox 1118 4023 1233 4072; x_wconf 76' lang='lat' dir='ltr'><strong><em>nSensus</em></strong></span> <span class='ocrx_word' id='word_1_405' title='bbox 1249 4024 1318 4072; x_wconf 85' lang='lat' dir='ltr'><strong><em>idem</em></strong></span> <span class='ocrx_word' id='word_1_406' title='bbox 1335 4032 1374 4072; x_wconf 86' lang='lat' dir='ltr'><strong><em>cst</em></strong></span> 
     </span>
     <span class='ocr_line' id='line_1_42' title="bbox 231 4103 1374 4170; baseline -0.002 -16"><span class='ocrx_word' id='word_1_407' title='bbox 231 4106 367 4169; x_wconf 84' lang='lat' dir='ltr'><strong><em>scripsisset</em></strong></span> <span class='ocrx_word' id='word_1_408' title='bbox 391 4105 473 4166; x_wconf 90' lang='lat' dir='ltr'><strong><em>nasci,</em></strong></span> <span class='ocrx_word' id='word_1_409' title='bbox 494 4121 544 4170; x_wconf 90' lang='lat' dir='ltr'><strong><em>quo</em></strong></span> <span class='ocrx_word' id='word_1_410' title='bbox 560 4107 637 4155; x_wconf 85' lang='lat' dir='ltr'><strong><em>verbo</em></strong></span> <span class='ocrx_word' id='word_1_411' title='bbox 654 4107 778 4170; x_wconf 86' lang='lat' dir='ltr'><strong><em>Virgilius</em></strong></span> <span class='ocrx_word' id='word_1_412' title='bbox 824 4119 852 4152; x_wconf 86' lang='lat' dir='ltr'><strong><em>ec</em></strong></span> <span class='ocrx_word' id='word_1_413' title='bbox 877 4105 898 4153; x_wconf 91' lang='lat' dir='ltr'><strong><em>si</em></strong></span> <span class='ocrx_word' id='word_1_414' title='bbox 923 4105 1039 4153; x_wconf 87' lang='lat' dir='ltr'><strong><em>dixisset:</em></strong></span> <span class='ocrx_word' id='word_1_415' title='bbox 1063 4103 1139 4154; x_wconf 87' lang='lat' dir='ltr'><strong><em>solum</em></strong></span> <span class='ocrx_word' id='word_1_416' title='bbox 1156 4103 1287 4168; x_wconf 80' lang='lat' dir='ltr'><strong><em>impatiens</em></strong></span> <span class='ocrx_word' id='word_1_417' title='bbox 1303 4103 1374 4152; x_wconf 85' lang='lat' dir='ltr'><strong><em>oleos</em></strong></span> 
     </span>
     <span class='ocr_line' id='line_1_43' title="bbox 231 4185 1374 4250; baseline -0.003 -15"><span class='ocrx_word' id='word_1_418' title='bbox 231 4200 327 4250; x_wconf 88' lang='lat' dir='ltr'><strong><em>semper</em></strong></span> <span class='ocrx_word' id='word_1_419' title='bbox 350 4187 443 4237; x_wconf 85' lang='lat' dir='ltr'><strong><em>utitur:</em></strong></span> <span class='ocrx_word' id='word_1_420' title='bbox 466 4187 530 4237; x_wconf 88' lang='lat' dir='ltr'><strong><em>oriri</em></strong></span> <span class='ocrx_word' id='word_1_421' title='bbox 544 4188 628 4237; x_wconf 88' lang='lat' dir='ltr'><strong><em>minus</em></strong></span> <span class='ocrx_word' id='word_1_422' title='bbox 644 4189 776 4250; x_wconf 88' lang='lat' dir='ltr'><strong><em>usitatum,</em></strong></span> <span class='ocrx_word' id='word_1_423' title='bbox 824 4192 870 4234; x_wconf 87' lang='lat' dir='ltr'><strong><em>etc.</em></strong></span> <span class='ocrx_word' id='word_1_424' title='bbox 896 4199 973 4250; x_wconf 84' lang='lat' dir='ltr'><strong><em>caque</em></strong></span> <span class='ocrx_word' id='word_1_425' title='bbox 994 4201 1081 4236; x_wconf 84' lang='lat' dir='ltr'><strong><em>caussa</em></strong></span> <span class='ocrx_word' id='word_1_426' title='bbox 1097 4191 1147 4242; x_wconf 91' lang='lat' dir='ltr'><strong><em>est,</em></strong></span> <span class='ocrx_word' id='word_1_427' title='bbox 1164 4199 1208 4233; x_wconf 90' lang='lat' dir='ltr'><strong><em>cur</em></strong></span> <span class='ocrx_word' id='word_1_428' title='bbox 1225 4185 1251 4232; x_wconf 91' lang='lat' dir='ltr'><strong><em>in</em></strong></span> <span class='ocrx_word' id='word_1_429' title='bbox 1269 4197 1374 4247; x_wconf 81' lang='lat' dir='ltr'><strong><em>sequen·</em></strong></span> 
     </span>
     <span class='ocr_line' id='line_1_44' title="bbox 231 4265 1373 4336; baseline -0.002 -22"><span class='ocrx_word' id='word_1_430' title='bbox 231 4281 382 4335; x_wconf 83' lang='lat' dir='ltr'><strong><em>quamquam</em></strong></span> <span class='ocrx_word' id='word_1_431' title='bbox 393 4284 445 4318; x_wconf 90' lang='lat' dir='ltr'><strong><em>non</em></strong></span> <span class='ocrx_word' id='word_1_432' title='bbox 459 4270 513 4319; x_wconf 88' lang='lat' dir='ltr'><strong><em>sine</em></strong></span> <span class='ocrx_word' id='word_1_433' title='bbox 521 4271 644 4332; x_wconf 85' lang='lat' dir='ltr'><strong><em>exemplo.</em></strong></span> <span class='ocrx_word' id='word_1_434' title='bbox 662 4270 777 4336; x_wconf 83' lang='lat' dir='ltr'><strong><em>Denique</em></strong></span> <span class='ocrx_word' id='word_1_435' title='bbox 823 4267 889 4314; x_wconf 88' lang='lat' dir='ltr'><strong><em>tibus</em></strong></span> <span class='ocrx_word' id='word_1_436' title='bbox 910 4267 1012 4331; x_wconf 80' lang='lat' dir='ltr'><strong><em>potiens</em></strong></span> <span class='ocrx_word' id='word_1_437' title='bbox 1027 4267 1136 4330; x_wconf 87' lang='lat' dir='ltr'><strong><em>primum</em></strong></span> <span class='ocrx_word' id='word_1_438' title='bbox 1152 4265 1235 4314; x_wconf 89' lang='lat' dir='ltr'><strong><em>locum</em></strong></span> <span class='ocrx_word' id='word_1_439' title='bbox 1252 4265 1373 4327; x_wconf 79' lang='lat' dir='ltr'><strong><em>obtineat.</em></strong></span> 
     </span>
     <span class='ocr_line' id='line_1_45' title="bbox 232 4343 1374 4416; baseline 0.001 -24"><span class='ocrx_word' id='word_1_440' title='bbox 232 4345 307 4410; x_wconf 80' lang='lat' dir='ltr'><strong><em>solum</em></strong></span> <span class='ocrx_word' id='word_1_441' title='bbox 321 4348 421 4416; x_wconf 69' lang='lat' dir='ltr'><strong><em>patiens</em></strong></span> <span class='ocrx_word' id='word_1_442' title='bbox 431 4351 778 4415; x_wconf 72' lang='lat' dir='ltr'><strong><em>fraqum,fecundum,miro</em></strong></span> <span class='ocrx_word' id='word_1_443' title='bbox 861 4343 945 4396; x_wconf 84' lang='lat' dir='ltr'><strong><em>Tarde</em></strong></span> <span class='ocrx_word' id='word_1_444' title='bbox 978 4349 1117 4404; x_wconf 88' lang='lat' dir='ltr'><strong><em>mitescunt,</em></strong></span> <span class='ocrx_word' id='word_1_445' title='bbox 1144 4346 1192 4394; x_wconf 90' lang='lat' dir='ltr'><strong><em>cito</em></strong></span> <span class='ocrx_word' id='word_1_446' title='bbox 1215 4344 1374 4409; x_wconf 68' lang='lat' dir='ltr'><strong><em>proueniunt.</em></strong></span> 
     </span>
     <span class='ocr_line' id='line_1_46' title="bbox 232 4416 1375 4500; baseline 0.001 -27"><span class='ocrx_word' id='word_1_447' title='bbox 232 4427 371 4500; x_wconf 87' lang='lat' dir='ltr'><strong><em>coniuncta.</em></strong></span> <span class='ocrx_word' id='word_1_448' title='bbox 407 4428 547 4482; x_wconf 83' lang='lat' dir='ltr'><strong><em>Schefferus</em></strong></span> <span class='ocrx_word' id='word_1_449' title='bbox 558 4433 697 4494; x_wconf 86' lang='lat' dir='ltr'><strong><em>secundum</em></strong></span> <span class='ocrx_word' id='word_1_450' title='bbox 713 4434 777 4482; x_wconf 83' lang='lat' dir='ltr'><strong><em>deie-</em></strong></span> <span class='ocrx_word' id='word_1_451' title='bbox 825 4427 899 4490; x_wconf 79' lang='lat' dir='ltr'><strong><em>Quod</em></strong></span> <span class='ocrx_word' id='word_1_452' title='bbox 916 4435 1005 4478; x_wconf 77' lang='lat' dir='ltr'><strong><em>natine</em></strong></span> <span class='ocrx_word' id='word_1_453' title='bbox 1020 4429 1087 4492; x_wconf 87' lang='lat' dir='ltr'><strong><em>prius</em></strong></span> <span class='ocrx_word' id='word_1_454' title='bbox 1105 4433 1156 4486; x_wconf 84' lang='lat' dir='ltr'><strong><em>est,</em></strong></span> <span class='ocrx_word' id='word_1_455' title='bbox 1174 4416 1256 4476; x_wconf 71' lang='lat' dir='ltr'><strong><em>vei-bis</em></strong></span> <span class='ocrx_word' id='word_1_456' title='bbox 1273 4429 1375 4488; x_wconf 67' lang='lat' dir='ltr'><strong><em>amque</em></strong></span> 
     </span>
    </p>
   </div>
   <div class='ocr_carea' id='block_1_4' title="bbox 0 0 1583 5310">
    <p class='ocr_par' dir='ltr' id='par_1_4' title="bbox 0 0 1583 5310">
     <span class='ocr_line' id='line_1_47' title="bbox 0 0 1583 5310; baseline 0 0"><span class='ocrx_word' id='word_1_457' title='bbox 0 0 1583 5310; x_wconf 95' lang='lat' dir='ltr'><strong><em> </em></strong></span> 
     </span>
    </p>
   </div>
  </div>
 </body>
</html>
