3134 5310
210 453 252 516 et
309 451 312 454 ’
642 467 794 516 consalu
819 465 930 516 ricrrr

206 633 314 700 utilius
347 655 441 722 quem
467 633 552 723 quod
576 635 609 698 in
633 657 801 704 commune
826 662 890 704 non
915 637 1094 704 consulunt.
1145 637 1246 706 Rarus
1269 635 1355 706 dua-

204 739 264 804 bus
298 739 463 828 tribusque
487 738 667 805 cisitetibus
691 740 729 806 ad
752 743 1004 833 propulsandum
1029 764 1198 810 commune
1220 746 1353 832 perion-

203 844 271 910 lnm
291 856 485 923 consentus3
512 845 556 909 ite
584 844 700 932 singuli
722 861 882 936 pugnant,
904 849 1043 913 universi
1057 847 1237 914 vincuntur.
1264 847 1348 914 cos-

203 1072 309 1130 niosina,
334 1077 409 1134 puto,
434 1085 510 1136 quam
526 1071 667 1140 rariusssi
684 1071 751 1124 estu
796 1089 882 1125 verens
907 1076 1023 1124 borbum
1040 1079 1127 1136 gentes
1143 1073 1236 1124 landet.
1262 1071 1304 1124 Ita
1320 1073 1353 1124 in

202 1158 353 1216 occuparunt
377 1151 448 1201 illem
473 1153 621 1203 Britanniae
637 1159 750 1218 partem,

201 1233 249 1280 hoc
265 1233 350 1281 multis
367 1240 425 1283 ente
442 1233 546 1282 saeculis
563 1235 659 1283 accidit.
679 1235 750 1284 'Isci-

201 1319 241 1362 tus
257 1314 289 1363 de
304 1314 352 1364 isto
369 1320 480 1378 tempore
495 1315 537 1363 hic
552 1313 622 1378 loqui
637 1331 688 1364 non
697 1319 749 1378 pot·

201 1394 245 1443 uit.
280 1395 314 1443 Et
338 1394 366 1444 in
390 1401 443 1445 tota
468 1395 639 1459 disputatione
654 1397 687 1444 de
702 1396 750 1444 ori·

200 1475 260 1538 gine
283 1475 465 1529 Britannorum
491 1475 555 1528 nihil
580 1477 751 1538 insanitum,

200 1563 229 1606 nt
253 1571 320 1608 nunc
337 1557 447 1606 dicturus
464 1554 563 1615 inisset,
580 1557 666 1622 quales
683 1557 749 1606 inco-

199 1639 239 1687 lae
259 1637 341 1701 primo
366 1639 474 1687 adventu
491 1652 524 1687 ex
541 1635 625 1688 Gellia
641 1636 742 1687 inerint.

232 1716 394 1767 Fuett'onibus
427 1726 451 1766 et
485 1718 576 1768 studiis
609 1718 748 1768 trahuntur.

200 1800 329 1863 Principes
346 1798 453 1858 faciunt,
467 1801 535 1863 quod
551 1801 613 1849 ottm
628 1814 700 1862 reges
715 1799 749 1849 ia·

199 1879 305 1929 ciebant.
324 1881 396 1930 Mela
412 1881 463 1930 111.
482 1883 506 1930 6.
529 1879 637 1929 Οαιωεαε
651 1888 675 1928 et
685 1879 749 1930 bellu

199 1959 357 2021 contrahunt,
384 1977 415 2010 ac
439 1977 466 2010 se
482 1963 633 2026 frequenter
650 1961 750 2011 irwieem

198 2043 334 2107 infestant,
352 2042 457 2090 nmeirne
465 2042 625 2108 imperitandi
633 2042 750 2108 cupidine

199 2121 328 2186 studioque
353 2137 384 2169 eu
405 2121 567 2186 prolatandi,
591 2138 655 2186 quae
668 2124 750 2187 possi·

199 2203 264 2251 dent.
290 2201 332 2250 Ibi
356 2215 461 2249 massae
486 2210 544 2251 aunt
568 2204 704 2262 factiones,
721 2209 750 2251 ut

199 2286 225 2332 in
243 2289 305 2332 noto
320 2295 394 2330 versu
411 2282 522 2332 Lneani:
544 2281 645 2332 Victrix
660 2297 751 2332 curma

201 2363 267 2416 Deis
285 2363 400 2428 placuit,
425 2362 471 2412 secl
484 2364 551 2412 uicta
565 2363 660 2414 Catoni.
693 2365 751 2414 Iem

203 2447 246 2496 alii
280 2435 335 2494 aliie
368 2444 520 2508 principibus
554 2445 653 2495 lavent:
681 2442 749 2494 Scin·

202 2524 271 2574 ditur
286 2525 404 2574 incertum
419 2525 505 2575 studia
522 2525 548 2574 in
564 2527 750 2576 eontroriovnl·

201 2623 256 2672 pse.
282 2607 420 2658 Britannos
436 2607 498 2655 adeo
515 2621 560 2654 sne
575 2621 685 2671 quosque
701 2615 751 2657 stu·

202 2689 245 2739 dia
259 2688 370 2738 nohum.

235 2768 294 2818 Nec
310 2767 381 2828 uliud
396 2767 688 2818 odrrmsnavulielissimae
695 2785 751 2834 pen·

797 1155 881 1205 Germ.
907 1161 952 1216 33,
978 1161 1058 1219 optut:
1092 1151 1212 1213 Maneat,
1239 1169 1350 1218 quaeso,

796 1235 915 1300 duretque
945 1235 1070 1300 pentibus,
1095 1235 1119 1282 ai
1144 1251 1190 1284 non
1214 1251 1282 1284 umor
1307 1251 1350 1284 no·

796 1318 856 1376 atri,
882 1324 910 1366 ot
927 1323 992 1365 certe
1009 1314 1089 1364 odium
1111 1315 1164 1374 ani,
1183 1315 1288 1378 qnando,
1307 1331 1350 1364 ur·

794 1398 906 1462 pentibus
922 1397 1021 1461 imperii
1031 1395 1118 1460 sans,
1136 1393 1199 1444 ottst
1215 1396 1349 1460 iamprue-

795 1485 863 1538 stare
879 1481 991 1544 sortnno
1007 1477 1087 1526 maius
1100 1485 1199 1540 potest,
1216 1493 1289 1540 quern
1306 1477 1348 1526 leo·

794 1561 867 1610 stium
876 1557 1032 1609 discordiam.
1048 1557 1103 1606 Nec
1110 1558 1282 1620 prudentiores
1291 1560 1350 1608 bar-

796 1642 867 1691 baros
892 1655 966 1689 snum
988 1639 1079 1687 vitium
1101 1637 1202 1686 latebat.
1238 1638 1347 1688 Vercin-

794 1722 893 1785 getorix
910 1723 974 1784 apud
983 1719 1082 1770 Caesen.
1098 1719 1131 1767 B.
1149 1717 1181 1768 G.
1200 1720 1282 1768 VIII.
1302 1725 1347 1769 29.

796 1800 866 1858 Quae
890 1803 921 1852 ab
942 1801 1046 1864 reliquis
1065 1796 1147 1849 Gallie
1160 1799 1275 1850 civitates
1296 1800 1348 1850 dis·

794 1884 926 1941 sentirent,
960 1881 1006 1931 llas
1031 1895 1079 1929 suo
1105 1879 1235 1944 ‹lilipentiu
1258 1879 1348 1930 odiun-

795 1973 901 2022 cturum‚
926 1970 1002 2025 utque
1025 1975 1096 2010 ornem
1121 1959 1246 2010 consilinm
1270 1961 1348 2010 totins

798 2041 897 2094 Galliae
921 2043 1080 2106 effecturam,
1099 2041 1169 2090 cuins
1185 2057 1350 2092 consensum

795 2124 861 2174 orbis
877 2123 974 2188 quidem
991 2131 1115 2172 terrorum
1124 2129 1211 2186 posset
1218 2122 1347 2170 nisinen.

796 2205 904 2257 Wexins
926 2211 1011 2268 putat,
1027 2203 1245 2252 susurrationem
1259 2203 1347 2266 vulge-

795 2294 836 2335 tae
859 2286 995 2348 nupturae
1018 2283 1191 2333 detendendae
1209 2283 1276 2332 hanc
1292 2284 1347 2333 tore

795 2369 816 2414 si
841 2367 963 2430 explices:
990 2379 1039 2414 nec
1058 2365 1127 2414 alind
1151 2365 1269 2414 novom
1284 2365 1347 2414 veli-

795 2448 909 2497 dissimas
933 2453 1022 2510 gentes
1037 2461 1082 2509 pro
1098 2447 1172 2495 nobis
1188 2443 1242 2510 (ie)
1258 2445 1347 2494 nnlins

796 2535 845 2588 est,
862 2543 939 2592 qnam
954 2528 1021 2591 qnod
1038 2541 1074 2590 sq.
1092 2528 1180 2576 duram
1196 2533 1347 2578 tamenesae

796 2617 820 2659 et
841 2623 930 2674 perum
945 2610 1104 2658 commodam
1119 2608 1194 2656 istam
1210 2609 1348 2658 ruborum

795 2692 1005 2740 constructionem
1029 2688 1132 2747 latetur,
1157 2703 1187 2738 ao
1206 2689 1285 2738 vereri
1309 2703 1346 2737 ne

796 2769 884 2822 utilius
898 2785 913 2820 a
929 2773 1067 2834 glossatore
1082 2771 1194 2820 addition
1210 2771 1249 2818 sit.
1266 2770 1349 2833 liqui·¹

203 2860 240 2900 tea
260 2868 312 2917 pro
329 2851 397 2900 nobis
412 2849 507 2899 otiliae.
541 2847 688 2899 Formnlam
701 2867 751 2915 pro
796 2853 854 2902 dem
870 2853 956 2902 dubito
972 2865 1005 2900 au
1021 2851 1203 2914 comparativus
1219 2850 1260 2898 bic
1276 2855 1347 2899 recte

202 2933 271 2982 nobis
294 2931 381 2981 otiliae
397 2945 480 2996 neque
494 2945 606 2995 unquem
623 2932 751 2991 intellexi,
796 2933 985 2982 desideraretur.
1011 2933 1096 2992 Ihm·
1105 2933 1179 2982 credo
1187 2932 1348 2982 seminudum

202 3027 285 3078 nsque
307 3015 360 3063 ullo
383 3013 459 3062 siusili
488 3013 604 3077 exemplo
626 3027 751 3062 commen·
797 3021 864 3064 erat:
879 3029 922 3064 nee
938 3013 1011 3062 uliud
1025 3012 1103 3077 napis
1116 3029 1167 3078 pro
1182 3013 1348 3075 urbinum

202 3095 287 3145 ostem
302 3096 364 3144 vidi.
398 3096 520 3146 Latinum
536 3100 574 3142 est
590 3094 631 3142 sel
644 3109 694 3158 pro
712 3109 751 3141 no·
797 3094 863 3158 qaod
886 3109 922 3158 sq.
958 3094 1092 3144 Sententia
1106 3095 1161 3143 sine
1175 3093 1348 3156 comparativo

203 3173 240 3224 bis
256 3177 299 3226 vel
314 3173 381 3223 nobis
397 3175 492 3225 utilius.
527 3177 631 3226 Tacitus
645 3176 751 3224 scribere
797 3183 872 3226 esset:
891 3176 956 3226 nihil
972 3183 1023 3236 est,
1040 3177 1066 3224 in
1083 3189 1135 3240 qno
1150 3175 1287 3238 superiores
1306 3189 1347 3224 sn-

202 3257 334 3321 potuiesets
351 3270 395 3303 nee
410 3255 483 3306 alind
497 3255 564 3307 nobis
581 3254 675 3306 utilius.
686 3254 750 3304 Seri·
796 3271 853 3308 mus
872 3258 998 3316 hostibus,
1023 3257 1088 3306 nihil
1104 3245 1153 3306 nos
1167 3257 1285 3306 adversm
1301 3255 1347 3304 ho·

201 3339 280 3404 psisse
304 3343 388 3386 temen
413 3337 534 3387 coniicio:
561 3353 603 3386 nec
621 3328 693 3385 uliud
708 3335 751 3384 ud·
796 3344 846 3388 stes
861 3339 943 3398 iuvet,
957 3338 1152 3402 qnamipeomm
1160 3337 1294 3386 diesem
1312 3337 1348 3384 In

201 3435 288 3470 versus
308 3417 476 3472 validissimus
491 3428 573 3484 pentes
587 3435 667 3483 porro
683 3416 751 3466 nobis
797 3420 853 3468 eills
877 3421 952 3470 rebus
976 3431 1129 3482 superemur.
1164 3417 1258 3466 Parnm
1283 3417 1348 3466 atlon

202 3501 302 3560 utilius,
328 3499 481 3564 quompnod
495 3515 532 3564 sq.
573 3497 635 3548 Olim
651 3498 752 3562 rombus
796 3501 909 3552 valerent
925 3499 1348 3564 disciplinamilitaris,virtns,ex-

202 3583 336 3645 parebunt,
357 3595 419 3628 nune
440 3594 485 3642 per
500 3582 623 3644 principes
640 3580 752 3629 metioni-
796 3579 1347 3645 poimsnrooosuorum,bslliperitta,nsns.

202 3665 249 3712 bus
266 3667 291 3710 et
308 3660 396 3709 studiis
411 3659 556 3720 trabuntur,
570 3678 649 3724 porro
666 3663 693 3710 in
709 3676 751 3724 po-
814 3660 858 3712 Ao
866 3661 1065 3728 propulsandum
1075 3675 1194 3709 commane
1199 3658 1347 3724 pericnlum.

202 3751 297 3794 elerum
312 3741 376 3790 nihil
392 3739 465 3790 nobis
482 3740 529 3789 erit
542 3741 636 3790 utilius.
646 3742 704 3792 Lis.
715 3740 750 3789 X.
797 3746 853 3808 Ego
871 3759 989 3792 mmmnne
1006 3743 1141 3792 delendum
1157 3747 1228 3804 puto.
1251 3741 1294 3790 Ne
1309 3741 1347 3790 di·

201 3830 226 3875 8.
262 3821 395 3888 Imperium
418 3837 496 3885 aeque
512 3821 593 3870 adhuc
603 3837 751 3887 prosperam
796 3840 851 3876 cam
868 3825 1006 3888 ingratum,
1023 3823 1085 3888 qnia
1097 3823 1231 3886 praecessit
1243 3821 1269 3870 in
1285 3837 1348 3870 oom-

201 3905 319 3975 plebeiem
332 3912 407 3967 atque
412 3902 550 3967 patricium
559 3903 620 3967 fuit
624 3917 751 3968 porroque
795 3921 864 3954 mune
869 3926 879 3962 ;
889 3905 929 3954 hic
935 3905 1072 3958 sententiae
1079 3908 1209 3966 repugnat.
1219 3902 1278 3950 Non
1287 3917 1347 3950 oon·

202 3988 257 4037 erit.
276 3986 336 4036 XL.
354 3991 394 4035 36.
413 3983 552 4044 Divinare,
571 3983 751 4048 quidinonino
796 3987 882 4038 snlnnt
897 3987 924 4035 in
941 3997 1087 4042 commune,
1102 3997 1194 4046 nempe
1209 3988 1297 4044 gentes
1309 3989 1346 4031 to·

208 4068 324 4122 Celtiberi
340 4067 469 4126 luberent,
487 4074 532 4114 ant
545 4081 624 4130 porro
642 4065 752 4115 habituri
796 4069 845 4116 tius
862 4067 1018 4124 Britanniae,
1035 4064 1169 4114 validiores
1185 4065 1280 4114 saltem.
1295 4064 1348 4114 Hic

203 4160 288 4202 essent.
323 4149 431 4199 Romani
455 4149 533 4212 probe
550 4154 672 4198 novarent
688 4147 752 4196 illud
797 4154 880 4200 entem
902 4148 933 4196 (le
950 4145 1046 4196 duabus
1062 4145 1191 4208 tribusque
1204 4145 1347 4194 nvitehbns

204 4232 286 4282 divide
308 4240 332 4281 et
355 4231 459 4296 impero.
493 4231 565 4280 Haeo
580 4245 633 4279 nna
649 4236 702 4278 erat
718 4243 751 4280 ex
797 4230 886 4292 agitur.
921 4229 1009 4276 Recte
1024 4227 1051 4275 in
1076 4241 1129 4288 oap.
1148 4231 1188 4274 tlh
1206 4224 1346 4284 ustione,

203 4314 295 4363 caussis
325 4314 448 4376 primariis
479 4327 537 4362 suae
562 4312 750 4376 magnitudinis.
797 4309 860 4362 nibil
877 4309 1078 4382 sructipupnoe
1091 4305 1188 4372 prioris
1204 4315 1305 4365 eventa,
1323 4317 1348 4356 et

205 4395 307 4446 Tacitus
333 4409 404 4457 saepe
420 4394 554 4446 utilitatem
570 4395 693 4458 praecepti
710 4395 751 4444 ad·
797 4389 909 4442 ultionem
941 4397 985 4444 out
1009 4388 1135 4440 seruitium
1160 4396 1347 4454 exspectantes,
