3074 5310
218 499 280 560 176
662 510 817 558 consents
842 510 952 558 rscrrr

215 682 347 748 Senecio
382 677 532 767 perfudit.
582 675 666 744 Nero
689 691 797 744 tamen
820 677 973 742 subtraxit
994 677 1102 741 oculos
1126 698 1223 757 snos,
1249 680 1359 746 iussit·

215 809 277 877 quc
311 785 448 862 scelera,
484 804 549 848 non
574 785 749 872 spectavit3
777 781 1030 872 praecipua-sub
1055 781 1237 848 Domitiano
1261 786 1359 850 mise-

213 896 331 959 riarum
354 913 426 982 pars
449 901 517 956 crat
539 889 645 956 ridere
667 902 700 956 ct
723 889 865 979 adspici,
892 911 993 976 quum
1017 887 1270 975 suspiriauostra
1285 888 1361 954 sub·

245 1110 304 1160 Nos
320 1107 434 1158 Maurici
449 1105 600 1171 Rusticique
621 1107 699 1157 risus.
718 1108 760 1157 Ita
806 1115 857 1158 stra
881 1107 1081 1164 subscribebant,
1107 1121 1166 1155 cum
1192 1107 1290 1157 interca
1308 1109 1363 1173 ipse

212 1193 303 1256 legitur
327 1191 355 1239 in
380 1195 485 1251 utroque
503 1188 637 1238 Vaticano.
665 1187 716 1238 Sed
733 1188 759 1236 in
806 1194 893 1237 contra
915 1189 1035 1250 pudorem
1051 1187 1190 1235 rubicundo
1205 1188 1278 1236 vultu
1295 1197 1363 1238 esset

213 1273 275 1323 God.
293 1271 381 1321 Ursini
398 1276 423 1319 at
438 1271 552 1331 margine
568 1269 643 1317 unius
660 1268 760 1318 Vaticu·
806 1270 865 1318 sutis
891 1270 1011 1317 munitus.
1036 1264 1197 1331 Adspicimus
1214 1273 1282 1316 certo
1299 1283 1360 1333 qno·

212 1355 254 1414 ui,
270 1369 314 1402 nos
331 1347 760 1412 MauriciumRusticumqucdiuisi·
806 1351 865 1398 dam
888 1349 1007 1406 consilio,
1023 1345 1132 1398 videmus
1149 1363 1201 1397 non
1218 1348 1290 1398 adeo.
1309 1349 1362 1398 Va

212 1450 272 1483 mus.
290 1433 349 1482 Hoc
366 1431 495 1481 Brotcrius
510 1430 760 1494 interpretatursnal·
805 1430 882 1478 larius
907 1429 979 1478 Max.
998 1428 1037 1477 ΙΙ.
1054 1442 1072 1476 1.
1090 1433 1114 1477 5.
1133 1426 1210 1478 Nulli
1226 1427 1288 1478 cmm
1305 1436 1362 1478 tunc

212 1523 296 1566 terum
320 1514 449 1572 exsulare,
467 1512 573 1560 alterum
589 1511 695 1560 interfici
711 1511 760 1560 ius-
805 1511 969 1560 subsessorum
994 1507 1129 1558 alienorum
1153 1509 1362 1560 matrimoniorum

212 1593 317 1645 simus.”
334 1594 487 1650 Laudarem,
505 1593 526 1641 si
543 1591 675 1640 discrimen
683 1592 760 1655 ipsius
805 1591 870 1640 oculi
893 1591 1056 1640 metuebantur
1062 1611 1073 1646 ,·
1098 1590 1143 1640 sed
1165 1591 1267 1656 puriter
1283 1599 1309 1640 et
1324 1592 1361 1641 ci-

213 1689 308 1740 poenae
323 1675 410 1724 fuisset
426 1675 552 1731 additum,
568 1669 759 1722 r.c.nosMuu·
805 1671 862 1721 darc
884 1681 981 1731 sancte,
999 1679 1022 1720 et
1035 1669 1148 1736 adspici,
1166 1680 1247 1720 mutuo
1260 1671 1360 1736 pudore

212 1757 291 1806 risum
314 1754 490 1818 Rusticumque
514 1754 579 1803 inter
602 1753 713 1803 exsilium
735 1761 760 1801 et
805 1753 1011 1803 custodiebamur.
1034 1752 1118 1802 Nemo
1134 1751 1292 1818 adspicicbct
1307 1767 1360 1802 ma·

213 1851 293 1885 necem
316 1835 450 1885 divisimus.
474 1833 517 1884 Sic
538 1836 590 1887 lere
607 1836 709 1885 invenio
724 1835 759 1883 lo
805 1843 899 1895 uenas,
911 1831 1016 1894 ialam
1034 1833 1102 1901 πρὸς
1119 1833 1152 1882 τὸ
1168 1833 1359 1897 ἐπιθυμῆσαι,

213 1919 257 1982 qui
273 1916 395 1968 Senecam
411 1917 442 1965 de
459 1916 502 1964 Ira
518 1917 568 1966 III.
580 1920 621 1966 st.
640 1914 761 1980 Meqnam
804 1925 833 1965 ut
857 1923 895 1966 cst
917 1919 943 1966 in
960 1917 993 1965 N.
1012 1915 1052 1974 s,
1070 1929 1158 1964 omnes
1174 1923 1260 1965 sancta
1277 1915 1359 1978 adspi-

214 2015 280 2058 rcm,
297 1998 320 2047 si
345 2007 396 2048 tres
411 2005 551 2059 senatores,
569 1999 642 2061 quasi
658 2013 759 2061 nequam
805 1999 916 2056 ciebant,
933 2005 961 2046 ut
978 1999 1047 2061 ipsae
1060 1996 1276 2046 sanctecidcbunt.
1287 1999 1359 2048 Alia

213 2079 350 2144 mancipia,
367 2079 431 2128 inter
448 2080 549 2128 uerbera
566 2078 760 2143 etflummcsdi·
805 2081 866 2142 quin
895 2080 963 2128 idem
986 2078 1091 2128 verbum
1115 2079 1243 2141 ropetitur.
1269 2078 1359 2130 Cicero

213 2159 273 2210 uisit
297 2159 377 2217 bomo,
402 2158 445 2221 qui
467 2159 496 2208 de
519 2168 568 2209 toto
584 2169 670 2210 senatu
688 2159 760 2209 truci-
806 2161 839 2209 ad
856 2160 881 2221 Q
899 2160 981 2209 Fratr.
999 2160 1078 2222 Epist.
1093 2160 1115 2208 I.
1134 2165 1158 2207 4.
1177 2157 1232 2223 qu
1242 2159 1359 2209 tesidere

214 2239 294 2290 &ndo
322 2238 453 2302 coqitabut.
480 2240 587 2288 Ernesto
612 2241 762 2291 Brotcrisna
807 2239 940 2290 noluerim?
959 2237 1011 2288 Into
1027 2255 1085 2288 aero
1101 2255 1138 2288 mc
1154 2255 1171 2287 a
1188 2248 1212 2304 te
1226 2239 1309 2291 uideri
1318 2257 1359 2292 no·

214 2321 385 2385 interpretatio
409 2333 460 2368 non
485 2320 613 2383 placebat,
629 2322 693 2370 mihi
709 2337 761 2372 non
804 2321 851 2371 lui.
878 2319 937 2370 Non
953 2322 1014 2370 enim
1028 2319 1133 2370 uidisses
1145 2322 1260 2384 fratrem
1277 2331 1358 2384 tuum,

214 2405 295 2467 placet
319 2401 433 2466 syllepsis
458 2401 606 2452 Emcstina:
634 2418 699 2452 nuos
721 2405 762 2453 ad-
808 2419 854 2451 non
870 2418 935 2462 cum,
953 2417 1022 2466 quem
1037 2400 1183 2464 reliqueras.

215 2489 312 2546 spectus
337 2482 451 2531 abeuntis
476 2484 502 2531 in
519 2485 637 2534 exsilium
654 2486 762 2534 Maurici
842 2482 961 2548 Suspiriu
977 2481 1196 2532 subscribcbuntur.
1222 2483 1360 2534 Memorari

217 2564 361 2627 Rusticique
386 2563 549 2624 excruciavit,
575 2579 621 2612 nos
637 2581 709 2614 cruor
726 2567 762 2615 in·
807 2565 835 2614 in
860 2566 904 2614 tali
925 2565 1029 2616 saevitia
1052 2564 1132 2613 solent
1148 2563 1267 2628 penitus,
1285 2563 1360 2614 lucri·

216 2650 334 2693 nocenter
342 2642 416 2691 occisi
426 2643 697 2695 Senecionis.''Multae
706 2652 764 2694 sunt
808 2661 874 2703 mue,
908 2651 933 2694 et
957 2646 1006 2694 alia
1030 2646 1123 2693 dolosis
1147 2645 1248 2694 iudicia.
1276 2645 1358 2694 Tacit.

215 2725 322 2774 aliorum
341 2724 497 2772 coniecturae
512 2723 580 2773 uisus
594 2726 762 2788 miseratione,
808 2726 905 2775 Annei.
931 2726 982 2775 VI.
1007 2730 1045 2774 10.
1071 2723 1115 2773 Nc
1128 2725 1244 2789 sarsinas
1261 2724 1357 2788 quidem

215 2803 364 2867 Rusticique
379 2803 483 2852 uidimus
499 2821 585 2866 casus,
603 2806 762 2856 nosinMau·
808 2816 917 2855 exsortes
933 2805 1044 2872 periculi
1047 2826 1059 2862 ,·
1077 2805 1359 2870 quueoccupundocrei·

215 2887 293 2936 risum
316 2883 494 2949 Rustimtmque
515 2887 658 2946 succiimus,
676 2885 762 2936 Rusti·
805 2888 920 2953 publicae
935 2887 1009 2952 arqui
1025 2903 1071 2936 non
1083 2893 1216 2952 poterant,
1236 2889 1266 2936 ob
1284 2886 1357 2938 locri·

215 2969 285 3032 cique
310 2965 411 3016 diuisus.
428 2967 545 3017 Fortasse
561 2969 587 3018 in
605 2985 648 3016 nos
665 2967 763 3018 Meuri-
808 2985 860 3018 naus
885 2965 1071 3028 incusabantur,
1087 2975 1223 3032 necataque
1240 2975 1279 3017 est
1296 2983 1359 3016 unus

215 3050 278 3101 cium
299 3045 477 3112 Rusticumque
501 3048 627 3098 divisimus
643 3051 704 3099 latet
720 3066 763 3098 nos
813 3048 898 3110 Vitio,
923 3048 999 3098 Fauii
1025 3047 1119 3099 (lucini
1135 3057 1228 3108 metm,
1246 3047 1313 3111 quod
1326 3048 1358 3109 fi·

216 3128 330 3180 Maurici
354 3129 465 3178 exsilium
489 3129 667 3194 Rusticumquc
692 3130 763 3180 caedi
809 3131 838 3180 lii
862 3147 940 3180 necem
959 3130 1084 3194 flevisset,
1101 3131 1145 3178 ubi
1161 3131 1215 3178 rim
1230 3131 1298 3178 dicto
1315 3130 1357 3178 ad·

213 3209 326 3259 uidimus.
341 3209 439 3260 Gradus
446 3213 600 3273 conuptolac
609 3218 678 3260 sunt:
689 3211 763 3260 Mau·
807 3215 864 3272 des,
886 3213 1035 3274 transposito
1052 3211 1183 3260 adverbio:
1201 3209 1268 3274 quod
1281 3209 1359 3260 Fusii

215 3291 263 3342 rici
279 3291 391 3340 exsilium
407 3319 441 3328 -
458 3290 630 3342 Mauricilium
645 3291 763 3342 —Mau
812 3292 918 3353 Gemini,
944 3302 1021 3342 mater
1041 3291 1109 3354 filii,
1136 3307 1215 3341 necem
1233 3291 1357 3354 flevisset.

215 3371 310 3422 siclum.
326 3370 505 3436 Rusticumquc
522 3373 593 3422 caedi
609 3374 713 3424 vidimus
729 3403 762 3412 —
809 3375 861 3425 Sed
886 3377 930 3425 illo
951 3373 1068 3439 suspiriis
1090 3371 1237 3436 subscriptis
1254 3373 1304 3421 dici
1320 3374 1357 3422 ui·

215 3452 350 3504 Rusticucc
366 3454 420 3504 cedi
434 3455 539 3504 cidissus
554 3483 589 3491 —
603 3453 710 3504 Rustica
727 3455 763 3504 di-

214 3535 442 3587 uidimus.Wexins=
454 3537 687 3600 ultusticumunum
695 3539 763 3587 dam·

214 3623 289 3666 natus
305 3618 338 3665 ed
353 3623 460 3666 mortem
477 3619 651 3678 abduceretur,
669 3621 699 3669 de
716 3621 763 3670 fra-

214 3697 260 3747 tris
280 3697 414 3759 complexu
430 3697 600 3749 divellendum
616 3701 709 3750 fuisse”
726 3704 763 3751 in-

214 3784 371 3843 terpretatur.
388 3778 516 3829 Kritzius:
536 3793 594 3842 uper
612 3781 724 3843 Zeugma
731 3783 763 3831 ad

213 3861 282 3911 maus
305 3859 467 3924 cogitandum
486 3867 523 3911 est
536 3861 646 3927 perculit
662 3863 703 3911 val
720 3865 762 3927 af-

208 3941 308 4007 „siluit”

252 4021 345 4072 Videre
366 4030 390 4071 et
405 4021 513 4088 adspiei.
532 4024 618 4074 Valer.
634 4026 707 4074 Max.
725 4025 760 4074 11.

215 4109 238 4154 1.
263 4101 294 4154 Si
306 4102 407 4168 pariter
424 4103 548 4152 stridere
564 4115 660 4165 sancte,
679 4115 702 4155 et
718 4105 761 4155 ael-

214 4185 279 4250 spici
295 4193 375 4233 mutuo
389 4183 485 4248 pudore
502 4185 706 4236 custodiebantur.
716 4189 761 4238 Vi·

213 4268 274 4315 dere
298 4266 403 4325 scelera,
421 4271 446 4314 et
461 4264 635 4317 Domitianum
651 4275 761 4332 spectan-

214 4352 266 4395 tem
290 4359 336 4396 sua
360 4348 465 4408 scelera,
492 4353 517 4397 at
533 4349 627 4412 adspici
643 4363 659 4398 a
675 4349 760 4399 Domi-

214 4426 284 4476 tiano
301 4427 401 4491 eiusque
418 4429 527 4488 intimis,
545 4430 588 4491 qui
606 4430 760 4492 suspirlauo·

808 3457 844 3505 hil
862 3457 973 3506 acerbius
989 3460 1094 3518 poterat.
1105 3451 1357 3503 Subscriberaetsub·

809 3546 894 3587 notare
921 3536 1076 3602 inquisitioni
1100 3535 1236 3598 proprium.
1263 3534 1359 3598 Attigit

809 3619 944 3668 Ruhnken.
963 3619 994 3666 ad
1010 3616 1113 3666 Sueten.
1131 3615 1240 3679 August.
1257 3631 1282 3679 p.
1303 3621 1357 3666 14³.

809 3700 928 3750 Wexius:
964 3720 976 3740 u
984 3697 1105 3747 Consulto
1138 3697 1240 3746 Tacitus
1258 3703 1358 3760 propter

808 3782 996 3844 ambiguitatem
1019 3779 1119 3829 videtur
1134 3779 1183 3827 hac
1199 3779 1356 3841 potissimum

807 3875 869 3912 voce
892 3875 952 3910 usus
976 3875 1037 3910 essa.
1061 3861 1129 3910 Nam
1145 3874 1224 3924 quum
1239 3861 1267 3908 in
1282 3861 1357 3908 rebus

808 3943 946 3992 forensibus
979 3947 1132 3990 accusatores
1156 3939 1308 3989 subscribere
1331 3939 1357 3988 in

807 4023 914 4087 aliquem
934 4024 1060 4080 dicuntur,
1078 4028 1103 4071 et
1119 4019 1297 4084 subscriptores
1313 4033 1356 4068 no·

807 4106 946 4163 minentur,
969 4106 1050 4153 inemo
1066 4109 1147 4166 potest
1164 4102 1239 4152 simul
1256 4115 1286 4149 ea
1302 4114 1356 4150 sen·

806 4185 897 4234 tentia:
915 4185 1020 4247 suspiria
1036 4183 1080 4232 illa
1096 4182 1208 4230 adhibita
1224 4195 1277 4231 casa
1294 4188 1355 4230 tam·

806 4281 882 4330 quam
905 4265 1000 4315 indices
1023 4271 1047 4314 et
1063 4268 1217 4313 accusatores
1233 4264 1286 4312 sire
1302 4263 1356 4312 sub·

807 4346 966 4412 scriptores.”
993 4345 1147 4396 Affectatum
1172 4343 1283 4406 prolecto
1301 4357 1356 4392 acn-

807 4442 873 4478 men.
898 4427 949 4480 Sed
964 4429 1037 4492 plura
1052 4431 1110 4476 sunt
1127 4426 1153 4475 in
1170 4426 1221 4476 fine
1237 4424 1312 4475 huius
1327 4423 1356 4474 li·
