3134 5310
283 703 350 760 Vidi
361 703 546 782 Guilielmum
562 703 593 764 V,
602 699 771 774 Principem
785 699 962 764 Arausium,
975 702 1101 758 nondam
1116 703 1248 758 exsulem.
1272 703 1339 761 Vidi
1348 705 1384 760 li-

246 827 364 883 bertotis
379 827 483 882 donum
501 827 621 898 ferentes
639 826 722 881 nobis
741 827 887 893 Francos,
902 827 1038 882 saltantes
1050 828 1160 883 circum
1170 829 1318 897 arborem,
1335 850 1388 902 ya-

246 956 304 1008 lero
317 953 454 1009 Iacobino
475 957 624 1018 ornatam,
645 954 788 1019 Batauos,
800 959 941 1007 mutatam
954 953 1038 1006 semel
1052 962 1137 1027 atque
1151 955 1257 1009 iterum
1267 955 1387 1026 re9imi-

244 1081 290 1134 nis
316 1077 457 1150 formam;
486 1085 547 1133 tum
570 1077 811 1143 Pensionarium,
838 1095 904 1131 moa
928 1095 1023 1149 regem
1048 1079 1227 1136 Ludovicum
1244 1081 1386 1153 Napoleo-

243 1220 323 1269 nem,
351 1202 451 1259 deinde
476 1206 680 1277 Imperatorem
704 1203 896 1275 Napoleonem
913 1207 943 1269 I,
965 1202 1086 1276 denique
1108 1223 1187 1277 reyes
1208 1187 1395 1262 Neertauaos'

247 1328 432 1384 Guilielnnim
447 1332 465 1384 I
481 1336 507 1384 et
524 1330 565 1384 Π.
605 1327 726 1393 Ouinia,
749 1344 801 1382 ceu
818 1328 931 1399 fumus,
952 1329 986 1384 in
1000 1345 1104 1384 auram
1116 1337 1302 1386 evanuerunt.
1322 1332 1384 1385 Hoc

244 1454 342 1508 multis
367 1453 535 1525 maqnisque
557 1452 774 1509 calamitatibus
795 1460 941 1526 capulum
962 1459 1103 1520 tenemus,
1124 1463 1254 1510 nostram
1273 1472 1383 1529 quoque

244 1580 303 1634 Deo
323 1595 380 1633 esse
399 1593 487 1632 carae
509 1579 690 1649 felicitatem,
713 1587 777 1632 cum
794 1578 932 1649 felicitate
951 1577 1042 1648 uentis
1067 1577 1214 1636 Arausiae
1233 1581 1278 1635 ita
1296 1598 1383 1653 copos-

245 1706 351 1771 lotam,
378 1709 411 1757 ut
435 1702 584 1758 uinculum
606 1720 756 1776 nimquam
780 1705 841 1758 sine
869 1703 948 1758 tristi
965 1703 1118 1776 utriusque
1135 1707 1211 1760 molo
1230 1705 1320 1775 suerit
1338 1727 1384 1763 so-

246 1830 349 1884 latum.

278 1954 382 2008 Exitus
404 1954 500 2024 futuri
518 1954 651 2025 temporis
675 1952 799 2006 obscura
816 1959 897 2007 nocte
911 1954 1064 2026 premebar.
1101 1957 1218 2011 Maneat
1236 1974 1318 2011 amor
1336 1959 1384 2012 in·

246 2086 287 2134 ter
310 2077 486 2134 Neerlandos
505 2084 531 2132 et
555 2078 716 2134 Arausiam
739 2083 863 2148 centem,
892 2095 966 2151 quae
989 2085 1063 2134 nata
1085 2078 1215 2146 uidetur,
1238 2088 1281 2148 ut,
1303 2088 1384 2135 nan-

246 2203 339 2277 quilla
346 2204 378 2258 in
385 2202 536 2257 concitatis
547 2202 678 2258 ciciliam
689 2200 899 2258 contentionum
908 2199 1207 2276 fluetibusfflrudenter
1217 2203 1385 2279 fortiterque

247 2330 359 2384 clauum
375 2326 554 2399 reipublicae
576 2335 681 2392 teneris,
699 2327 807 2381 iustam
826 2325 986 2380 libertatem
1005 2325 1041 2380 ab
1059 2325 1215 2383 ambitione
1236 2335 1262 2383 et
1279 2329 1385 2384 cnidiis

247 2437 416 2526 optimatum
433 2451 624 2524 popularium
642 2459 771 2518 tueatur,
793 2457 869 2505 ortes
894 2457 921 2504 et
939 2448 1110 2522 disciplinas
1128 2453 1384 2527 foveat,'eeem1›lo

247 2578 315 2634 boni
332 2577 432 2650 moqni
446 2594 480 2631 ac
500 2593 564 2633 cere
584 2572 764 2643 Christiani,
788 2575 936 2632 Gailielmi
953 2577 972 2629 I
977 2617 985 2640 ,
1007 2576 1091 2631 cuius
1110 2578 1227 2652 effiyiem
1248 2578 1282 2632 in
1300 2595 1383 2634 sena

247 2703 311 2758 culo
330 2702 462 2758 conditae
477 2702 513 2758 ob
527 2703 590 2776 ipso
611 2710 675 2758 ante
694 2705 754 2759 tria
774 2701 833 2774 fere
851 2700 948 2756 secula
965 2699 1140 2757 Academiae
1155 2704 1384 2760 nemoNeerlan-

246 2829 299 2884 dus
316 2845 446 2900 unquam
463 2828 525 2883 sine
539 2845 627 2883 sacro
640 2827 767 2902 quadam
777 2826 958 2883 ueneratione
983 2828 1171 2899 contemplari
1188 2828 1296 2901 potuit.

281 2954 370 3009 Facit
387 2955 463 3008 Deus
485 2954 518 3010 Ο.
537 2954 575 3009 M.
596 2953 684 3008 istum
700 2950 920 3008 necessitudinis
939 2956 966 3003 et
984 2951 1118 3007 caritatis
1138 2970 1251 3009 sensum
1269 2952 1302 3007 in
1319 2950 1385 3006 ani-

245 3078 299 3134 mis
317 3095 418 3150 recum
431 3078 591 3153 papalium
605 3085 791 3151 perpetuum,
811 3091 901 3148 neque
920 3075 996 3147 eripi
1015 3093 1035 3129 a
1048 3093 1193 3150 quoquam
1207 3084 1258 3132 aut
1271 3076 1385 3148 senripi

246 3200 332 3255 sirit!
350 3202 401 3258 Sic
419 3211 525 3259 ueteres
544 3201 724 3270 discordiae,
742 3220 814 3274 quas
826 3199 958 3272 funditus
970 3175 1145 3275 exstirpatas
1161 3203 1279 3260 libenter
1293 3199 1386 3255 oredi-

245 3343 318 3391 mus,
336 3329 527 3400 nunquomin
539 3326 671 3381 arborem
676 3326 845 3399 pestiferam
850 3324 1048 3398 pullulabunt,
1064 3342 1115 3382 nec
1124 3329 1260 3401 popalus,
1271 3321 1385 3400 praeda

246 3450 278 3504 in
303 3449 395 3506 undio
410 3453 541 3524 positus,
561 3451 678 3508 uictrici
699 3450 821 3522 factioni
840 3450 951 3506 seruiet.
989 3450 1039 3506 Sic
1058 3452 1163 3524 patria
1180 3450 1307 3524 florebit,
1334 3452 1386 3525 tlo-

245 3572 348 3630 rebunt
374 3575 564 3644 Academiae,
589 3584 615 3632 et
635 3577 825 3648 Groninaono
837 3578 963 3633 natalem
989 3579 1213 3634 trecentesimum
1236 3578 1312 3634 laeto
1333 3576 1386 3632 od-

247 3697 358 3769 spiciet.

281 3824 395 3898 Scripsi
411 3827 589 3886 Hiloersumi
613 3845 640 3882 a.
665 3825 691 3881 d.
712 3827 797 3882 xm.
823 3844 861 3885 m.
883 3827 1015 3901 Auyusto
1029 3829 1259 3888 Maccctxst.
