3074 5310
710 553 825 625 rnurx.

202 741 298 796 Auidus
315 754 341 798 et
356 744 451 798 inuidia
467 744 613 812 intercipere
631 749 686 795 109.

200 906 283 971 Β999,
301 917 326 962 91
338 927 419 978 paene
434 909 589 976 compositum
605 914 645 959 93.

196 987 287 1039 -Bonus
313 998 339 1042 et
367 991 445 1042 maius
466 993 592 1056 eleganter
613 991 746 1042 coniuncte

236 1075 290 1122 168.

201 1152 334 1202 Britannia
359 1153 412 1202 sedi
444 1160 597 1204 mercaturae
621 1155 745 1205 destincte

235 1239 289 1283 105.

200 1316 380 1366 Britannorum
395 1317 498 1381 ingenie
513 1321 553 1369 98.

199 1477 312 1530 Caesaris
337 1478 517 1532 Commentarii
530 1483 562 1532 de
577 1482 610 1532 B.
627 1480 659 1533 G.
676 1481 743 1532 eddi·

231 1561 348 1611 tementis
364 1564 472 1627 corrupti
488 1566 529 1612 69.

203 1641 322 1709 Campus,
339 1644 461 1708 proelium
478 1647 532 1693 199.

196 1723 299 1775 ,Castris
315 1725 676 1790 1999999999999191199196.
687 1729 743 1776 193·

206 1805 306 1856 Certare
322 1805 353 1856 de
369 1813 395 1857 et
406 1823 456 1872 pro
472 1807 552 1870 glorie
572 1811 626 1856 110.

205 1886 303 1948 Gerus,
319 1895 387 1937 tons
402 1891 443 1938 99.

204 1967 291 2019 Cetera
306 1977 453 2034 requenter,
470 1977 498 2019 ut
514 1977 569 2019 sunt
585 1968 658 2020 initia
675 1971 716 2021 87.

203 2049 292 2100 Cetrae
307 2057 332 2100 et
349 2057 420 2101 scuta
439 2055 494 2101 141.

199 2131 327 2183 Ciceronis
344 2130 402 2198 (Q.)
420 2147 482 2197 opus
498 2134 529 2182 (19
546 2133 681 2184 Britannis
697 2138 736 2183 50.

202 2212 361 2264 Circumdare
371 2216 472 2280 samam
485 2214 548 2279 paci
564 2219 604 2264 94.

201 2293 426 2361 circumspectare,
444 2297 610 2346 metuentium
629 2299 684 2346 197.

201 2376 294 2427 Civium
310 2378 427 2443 sanguini
443 2391 543 2443 parcere
563 2382 617 2428 139.

198 2459 321 2510 Clamoris
338 2461 421 2510 bellici
437 2460 543 2511 99919199
561 2463 618 2510 130.

201 2539 292 2592 Colore
309 2556 468 2593 accensorum
487 2546 527 2592 91.

193 2622 325 2673 Comitium
341 2639 371 2672 ac
381 2624 471 2688 sorum
490 2627 528 2672 11.

199 2704 365 2772 Comparare,
382 2705 509 2755 1919119919
524 2718 552 2753 re
568 2704 651 2770 eliqua
670 2709 725 2754 159.

196 2787 382 2852 Comparatiri,
404 2791 446 2847 ut,
460 2784 587 2852 placidius
603 2801 675 2850 quom
691 2785 743 2852 dip-

228 2869 283 2918 nius
299 2873 342 2919 39.

202 2949 351 3014 Conpertum
367 2955 392 3000 et
408 2948 529 2999 decretum
547 2954 602 2999 133.

202 3031 332 3095 Complecti
348 3037 372 3082 et
388 3030 547 3096 contemplari
566 3035 621 3080 189.

205 3108 314 3159 Conditio
331 3113 455 3162 absentiae
472 3115 527 3163 178.

204 3188 353 3242 Conscientia
365 3194 461 3258 pencris
477 3192 575 3243 immani
594 3197 632 3242 19.

203 3270 347 3335 Consensus,
364 3282 389 3324 91
405 3283 532 3324 conuentus
550 3279 590 3325 63.

202 3351 343 3404 Constantia
358 3356 385 3405 in
401 3358 537 3421 pugnando
556 3360 595 3406 74.

201 3433 301 3497 Consul,
327 3437 353 3487 id
368 3440 436 3503 quod
452 3441 579 3489 consulem
596 3439 666 3489 (19991
686 3442 740 3488 169.

200 3515 328 3568 Contentus
340 3535 422 3584 poeria
438 3524 479 3569 99.

201 3595 292 3664 Copiae
308 3601 340 3651 (19
357 3616 458 3651 annone
476 3605 531 3650 101.

200 3677 307 3746 Corpore
323 3697 375 3732 non
392 3682 472 3731 animo
489 3683 573 3732 edesse
593 3684 647 3733 137.

197 3762 344 3812 Covinnerii
361 3763 454 3826 equites
474 3768 528 3813 140.

200 3842 267 3893 Cura
283 3858 328 3906 pro
344 3842 405 3893 libro
423 3849 464 3895 50.

202 3923 296 3975 Curare
311 3940 357 3989 pro
373 3941 424 3974 rem
440 3941 528 3975 curare
544 3928 583 3977 73.

196 4007 315 4058 Cursores
331 4007 444 4071 dispositi
462 4010 517 4057 165.

200 4088 302 4139 Cursum
317 4103 400 4138 rerum
415 4104 488 4153 apere
507 4083 562 4138 150.

196 4171 296 4222 Curtius
314 4170 430 4221 Tacitum
447 4170 557 4221 imitetur
577 4176 630 4222 194.

194 4333 300 4385 Detivus
307 4334 430 4400 participii
438 4335 465 4383 19
473 4335 627 4398 designando
634 4335 689 4386 loco
699 4339 738 4384 54.

194 4413 281 4465 Datur
294 4433 379 4482 pupna
398 4421 452 4466 133.

195 4492 328 4546 Debellare
345 4505 369 4546 et
384 4497 511 4548 rebellare.

1269 562 1332 626 not

792 745 889 806 Decor,
906 742 979 794 decus
995 749 1020 794 et
1035 744 1172 810 composite
1188 751 1228 797 30.

791 827 894 877 Decora
908 834 1007 891 pestere
1026 829 1080 877 186.

791 908 926 958 Decretum
954 906 1013 957 mili
1041 916 1091 968 est,
1116 922 1150 958 99
1175 922 1220 973 pro
1245 915 1335 958 certum

825 995 880 1040 135.
967 1007 973 1014 '

790 1069 936 1137 Defensiere
946 1073 1051 1137 samue,
1069 1068 1168 1121 919199
1187 1075 1242 1122 118.

790 1151 961 1203 Delenimenta
975 1152 1090 1202 uitiorum
1106 1155 1146 1202 99.
1166 1155 1222 1202 193.

790 1231 918 1284 Denotare
936 1236 992 1284 177.

790 1313 960 1376 Descendens,
977 1331 993 1366 9
1008 1316 1113 1366 meliore
1128 1316 1162 1366 99
1177 1315 1247 1380 peius
1262 1319 1301 1365 99.

790 1393 918 1447 Diducere
933 1396 1044 1457 ordinm,
1060 1411 1154 1446 cornua
1172 1401 1228 1447 140.

789 1477 839 1527 Dio
856 1477 956 1529 Cassius
973 1479 1090 1530 Tacitum
1105 1479 1216 1528 imitetur
1234 1482 1289 1527 193.

789 1556 868 1619 Dies,
885 1560 979 1610 iactum
994 1561 1038 1610 1119
1055 1562 1096 1612 (119
1114 1565 1170 1612 138.

789 1637 865 1690 Ditio
881 1638 995 1691 Romana
1011 1646 1052 1692 51.

789 1718 894 1772 Diutius
910 1722 1000 1784 bostis,
1017 1730 1043 1774 et
1059 1724 1141 1774 umine
1161 1727 1215 1773 196.

789 1800 935 1864 Diuersum,
951 1810 977 1854 91
989 1802 1118 1854 mesum
1134 1808 1174 1854 59.

789 1882 912 1934 Diuidere
924 1901 1030 1952 poenam
1050 1889 1105 1936 176.
1167 1878 1176 1891 ’

788 1967 884 2028 Divus,
901 1968 923 2018 Ι.
941 1966 1033 2018 Caesar
1051 1969 1091 2017 73.

789 2047 900 2098 Druidae
917 2047 1049 2099 Gallorum
1065 2053 1107 2098 53.

790 2127 895 2178 Durare
910 2137 936 2180 91
952 2128 1055 2180 durasse
1074 2133 1129 2180 175.

789 2209 894 2259 Durare
910 2210 936 2259 in
952 2209 1052 2276 aliquid
1068 2214 1125 2261 179.

789 2372 905 2424 Edictum
922 2375 1022 2424 Nervae
1041 2380 1080 2424 14.

789 2452 854 2504 Eius
879 2470 952 2521 seepe
974 2457 1100 2507 intrusum
1124 2471 1141 2505 9
1163 2457 1270 2508 1111199119
1294 2464 1335 2510 31.

825 2539 880 2588 178.
901 2543 955 2590 188.

789 2615 829 2667 Eo
847 2618 882 2668 ari
897 2628 1027 2670 extremum
1042 2620 1141 2689 impiae
1161 2629 1218 2676 114.

789 2701 917 2764 Epistulae
932 2703 1057 2754 1911199199
1075 2709 1132 2756 150.

789 2778 877 2846 Equus
892 2785 920 2833 in
936 2785 1031 2849 proelio
1046 2787 1163 2839 amissus
1178 2791 1219 2841 87.

789 2862 899 2930 Eripere
914 2865 1013 2930 aliquid
1027 2869 1058 2917 ab
1075 2869 1159 2934 aliquo
1179 2873 1218 2921 73.

789 2943 911 3007 Erubuit,
927 2948 1039 2998 absolute
1059 2953 1113 3000 161.
1131 2956 1189 3001 901.

789 3025 851 3087 Est,
868 3041 941 3091 saepe
957 3030 1046 3078 melius
1059 3032 1182 3082 omittitur
1199 3038 1239 3084 39.
1260 3040 1314 3086 196.

790 3105 840 3168 Et,
856 3109 943 3172 incipit
958 3111 1174 3164 confirmationem
1186 3115 1223 3166 rei
1237 3123 1334 3168 eutece-

822 3192 903 3240 (199119
923 3196 978 3241 109.

789 3269 885 3322 Eventu
904 3271 956 3340 (ee)
974 3274 1088 3339 iniquum
1104 3277 1225 3328 iudicium
1242 3285 1282 3328 41.

789 3351 927 3417 Excutere,
943 3363 968 3406 et
984 3357 1096 3423 excipere
1112 3359 1163 3408 1919
1183 3364 1238 3410 149.

788 3433 914 3485 Exeruere
929 3445 1027 3501 portus,
1044 3446 1110 3490 artae
1129 3445 1183 3491 194.

789 3515 962 3579 Eserce'tatus‚
981 3526 1005 3570 et
1022 3521 1201 3571 9991919999-

789 3597 932 3649 Eclraurire
948 3601 1064 3666 rempubl.
1081 3618 1127 3652 uno
1144 3603 1212 3654 ltiatu
1231 3608 1287 3655 175.

789 3679 901 3744 Ecseqni
914 3689 1015 3747 peccatu
1031 3688 1072 3734 91.

788 3759 903 3812 Extremi
914 3763 1005 3829 populi
1020 3773 1142 3814 terrarum
1161 3771 1216 3818 118.

789 3842 889 3893 Eeuere
904 3845 998 3911 aliquid
1015 3862 1066 3896 nou
1081 3847 1149 3911 prius
1164 3847 1280 3898 indutum
1288 3854 1329 3898 44.

789 3924 901 3987 Exsere,
915 3927 1015 3978 induere
1028 3942 1160 3992 personam
1176 3932 1218 3978 45.

786 4087 884 4139 Facilis
900 4089 978 4152 bello,
993 4091 1018 4142 in
1035 4088 1099 4141 belia
1117 4095 1157 4141 93.

786 4167 925 4231 Facilitas,
941 4170 1058 4236 felicitas
1080 4179 1210 4237 temporum
1237 4177 1274 4222 13.
1295 4179 1333 4225 14.

786 4250 880 4312 Fama,
898 4259 923 4302 et
938 4252 1019 4318 opinio
1036 4258 1077 4303 49.

786 4332 868 4383 Fama
882 4350 962 4383 rerum
979 4339 1033 4386 183.

785 4413 866 4465 Fama
882 4423 962 4464 tencre
977 4417 1096 4481 repiencrn
1115 4422 1169 4466 133.

787 4496 860 4547 Fatis
876 4506 1037 4562 monstratus,
1055 4517 1069 4550 9
1086 4500 1143 4550 iotis
1161 4504 1201 4550 69.
