3130 5308
247 551 288 612 te
680 558 830 604 connnnu
855 555 966 604 rscrrr

253 753 319 796 sere
355 741 390 794 ut
423 728 528 796 sedem
565 728 729 794 servitutis.
778 725 846 790 Nec
881 726 982 792 ullum
1018 726 1049 790 in
1083 725 1223 791 barbaris
1247 731 1399 797 saevitiae

251 857 351 924 genus
386 835 490 900 omisit
525 835 570 898 ira
606 845 637 898 et
671 831 810 896 victoria.
863 831 963 916 Quod
988 833 1047 896 nisi
1071 831 1242 910 Paulinus,
1268 837 1399 923 cognito

248 940 427 1030 provinciae
454 951 566 1015 motu,
594 937 806 1014 subvenisset,
832 938 943 1000 amissa
966 937 1130 1001 Britannia
1165 938 1267 1019 foret;
1297 963 1398 1028 quam

250 1046 344 1109 unius
378 1044 490 1133 proelii
525 1044 651 1108 fortuna
686 1041 784 1106 reteri
818 1043 987 1128 patientiae
1022 1043 1177 1121 restituit,
1213 1047 1399 1111 tenentibus

250 1172 338 1215 arma
371 1149 549 1238 plerisque,
588 1171 665 1236 quos
700 1146 889 1211 conscientia
921 1146 1106 1211 delectionis
1135 1161 1167 1212 et
1189 1152 1334 1238 proprius
1358 1174 1398 1216 er

247 1255 351 1344 legato
384 1255 480 1318 timor
517 1253 673 1343 agitabat,
703 1252 756 1329 ni,
783 1273 977 1339 quamquam
1000 1253 1142 1340 egregius
1166 1267 1281 1332 cetera,
1307 1277 1398 1320 arro-

248 1373 359 1451 ganter
393 1358 426 1424 in
462 1359 602 1436 deditos,
639 1370 691 1434 et,
719 1367 752 1419 ut
776 1378 849 1420 suae
874 1357 1026 1445 cuiusque
1050 1358 1183 1423 iniuriae
1208 1359 1311 1437 ultor,
1338 1359 1398 1425 du·

246 1545 338 1610 Neque
353 1553 463 1595 sanctum
471 1553 515 1594 aut
524 1542 657 1609 nefandum
666 1539 799 1606 quidquam
846 1541 968 1602 Wexius,
993 1545 1037 1607 qui
1062 1559 1214 1608 nequaquam
1239 1547 1347 1595 mutavit
1369 1546 1400 1596 in

241 1629 303 1693 suit
328 1627 382 1676 irae
398 1625 565 1674 barbarorum.
599 1625 685 1674 Verba
701 1623 727 1672 in
744 1623 798 1670 bar·
845 1622 882 1680 ni,
907 1639 1065 1686 quamquam:
1089 1641 1149 1674 suae
1166 1625 1278 1690 eiusque,
1293 1627 1318 1677 in
1335 1644 1400 1678 auae

247 1708 316 1758 baris
339 1722 392 1758 non
417 1712 489 1756 erant
512 1706 660 1754 necessaria.
696 1703 799 1752 Tacitus
845 1703 970 1766 cuiusque.
987 1706 1058 1754 Haec
1074 1706 1304 1771 itainterpretatur:
1323 1709 1399 1758 uBri-

247 1789 356 1850 addidit,
378 1794 407 1837 ut
423 1787 586 1850 significaret,
605 1801 631 1836 se
647 1786 680 1835 de
696 1785 799 1834 crudeli·
845 1785 959 1834 tauniam
984 1786 1027 1836 ille
1043 1801 1095 1836 uno
1111 1803 1229 1851 prospero
1244 1790 1342 1852 proelio
1358 1791 1397 1842 vi·

247 1877 299 1922 tate
331 1871 432 1921 victoris
462 1869 525 1918 nihil
547 1869 685 1918 dicturum:
711 1871 800 1914 notum
846 1873 912 1916 ctam
941 1867 1016 1929 plane
1040 1870 1233 1932 perdomuisset,
1259 1878 1284 1920 et
1308 1887 1398 1935 qaam-

248 1966 317 2012 eeee,
342 1951 402 2015 quid
426 1951 545 1999 barbarae
561 1955 661 2012 gentes,
680 1948 757 1996 iratae
774 1951 800 1996 et
845 1963 920 2010 quam
938 1950 1013 1998 etlam
1030 1955 1085 1998 tum
1100 1951 1211 2015 plerique
1236 1967 1305 2001 arma
1326 1960 1398 2002 tene·

247 2033 366 2082 victrices
392 2038 534 2094 perpetrare
542 2032 647 2081 soleant.
658 2029 744 2092 Atque
752 2027 800 2076 hoc
845 2029 918 2087 bant,
943 2044 1006 2092 quos
1030 2031 1183 2081 conscientia
1208 2033 1353 2082 deiectionis
1370 2040 1398 2082 et

250 2113 403 2178 elegantius,
422 2126 498 2178 quam
515 2113 566 2161 Dio
584 2111 685 2161 Cassius
701 2109 799 2167 LXII,
846 2111 959 2173 proprius
976 2111 1052 2160 timor
1068 2112 1224 2174 stimulabat,
1241 2121 1325 2164 tamen
1343 2130 1398 2164 om·

250 2198 273 2244 7.
290 2195 342 2258 qui,
351 2200 482 2256 postquam
500 2193 612 2251 dixerat,
623 2199 681 2246 τοῖς
689 2188 800 2238 attona-
846 2193 907 2240 n'mo
932 2192 1010 2240 veteri
1034 2193 1170 2254 patientiae
1190 2195 1351 2254 restituisset,
1368 2195 1398 2244 ni

248 2273 339 2334 μένοις
366 2271 524 2340 ἀνθρώποις
540 2272 588 2320 irn’
607 2270 699 2318 αὐτῶν
717 2269 800 2319 οὐδὲν
847 2273 932 2322 durius
958 2273 984 2320 iu
1001 2275 1097 2322 deditos
1114 2274 1304 2324 conualuisset.”
1338 2277 1397 2339 Ilgo

171 2360 173 2365 '
250 2357 305 2406 vair
341 2355 510 2405 δεινοτάτων
546 2353 638 2414 dario,
673 2351 717 2399 bu
735 2351 771 2402 orl
785 2371 799 2400 κ
847 2355 932 2404 amnia
957 2355 1007 2403 alio
1030 2356 1106 2404 moda
1129 2357 1318 2416 constitueram,
1341 2372 1396 2406 non

247 2437 373 2504 lyirrro,
390 2438 509 2501 exempla
524 2436 677 2488 crudelitatis
694 2435 801 2498 exquisi·
847 2442 931 2484 tamen
957 2437 1035 2494 edidi,
1062 2437 1121 2500 quia
1145 2438 1201 2499 plus
1218 2453 1233 2487 a
1251 2438 1328 2487 Codd.
1344 2439 1396 2487 dis·

247 2531 289 2571 tae
305 2522 402 2571 adiecit.
431 2520 534 2570 Tacitus
556 2519 582 2567 in
608 2517 704 2567 Annal.
723 2517 800 2566 XIV.
848 2519 936 2568 cedere
952 2519 1071 2579 cogebar,
1089 2532 1163 2580 quam
1182 2519 1289 2570 Wexius
1306 2520 1396 2570 discen

248 2607 289 2652 43.
315 2603 346 2650 de
362 2599 506 2650 crudelitate
522 2599 629 2663 aliquid,
646 2605 731 2648 tamen
748 2597 803 2648 siue
848 2599 887 2648 sit.
927 2599 1028 2648 Interea
1054 2598 1157 2648 leuasse
1181 2601 1242 2650 haec
1267 2601 1397 2652 intellectu

248 2682 415 2748 praefatione,
432 2682 509 2729 dixit:
528 2679 617 2743 Neque
634 2680 696 2728 enim
713 2695 802 2743 capere
848 2695 899 2728 non
917 2686 974 2728 sunt
991 2680 1136 2730 difficiliora.
1173 2680 1307 2736 Quodnisi
1323 2680 1397 2732 Pau·

249 2773 294 2814 aut
313 2761 472 2822 venumdare,
495 2760 539 2810 sed
555 2759 655 2818 caedes,
672 2759 801 2824 patibula,
849 2761 912 2809 linus
938 2762 1033 2826 coquito
1055 2761 1200 2826 prouinciae
1223 2770 1286 2810 motu
1309 2764 1398 2812 snbve-

248 2847 331 2912 s'qnes,
348 2858 446 2903 cruces,
466 2850 588 2905 tamquam
604 2840 729 2890 reddituri
745 2857 801 2906 sup·
846 2841 935 2902 nisset,
954 2843 1046 2892 amissa
1066 2840 1206 2892 Britannia
1216 2845 1302 2908 soret,
1320 2861 1398 2908 quam

245 2927 364 2994 plivium,
380 2941 412 2975 ao
426 2931 566 2989 praerepta
584 2921 681 2972 interim
695 2921 800 2981 ultione,
846 2922 918 2972 unius
932 2923 1026 2988 proelii
1036 2926 1148 2988 fortuna
1163 2925 1241 2974 ueteri
1255 2924 1398 2990 patientiae

242 3009 413 3077 festinabant.
440 3007 492 3057 Pro
519 3005 545 3055 in
572 3004 700 3064 barbaris,
726 3005 800 3054 usila
846 3005 970 3065 restituit,
998 3006 1146 3056 tentantibus
1171 3022 1241 3054 arma
1252 3006 1396 3071 plerisque,

248 3093 299 3141 tius
315 3090 451 3152 scripsisset
467 3095 496 3136 nt
510 3086 537 3134 in
553 3086 675 3136 barbaris.
694 3086 800 3137 Sicsen·
847 3103 906 3150 quos
923 3086 1071 3136 eortscientia
1087 3086 1236 3151 dffectionia
1253 3097 1277 3136 et
1286 3089 1396 3153 propior

249 3172 328 3222 tentia
352 3183 396 3231 per
421 3177 462 3226 nt,
488 3183 556 3216 nunc
586 3167 710 3230 rupendo,
734 3183 801 3216 nunc
846 3184 876 3216 ear
901 3168 981 3232 leqato
1007 3168 1079 3218 timor
1096 3168 1217 3232 aqitubat.
1252 3167 1305 3218 Hie
1322 3185 1396 3232 quum

249 3248 376 3299 mirmanda
407 3249 531 3298 definitur.
573 3249 653 3296 Tacit.
680 3247 799 3297 German.
847 3247 958 3312 eqreqius
975 3257 1070 3309 cetera,
1087 3258 1236 3313 arroqonter
1251 3249 1277 3298 in
1291 3249 1396 3304 deditae,

251 3337 292 3382 30.
310 3327 432 3388 Multum,
448 3337 476 3376 ut
493 3325 800 3397 interGermonos,ratio·
847 3338 883 3388 et,
908 3338 936 3378 ut
961 3346 1020 3380 auae
1045 3332 1215 3394 sancitnsque
1237 3331 1344 3380 iniuriae
1360 3330 1396 3380 ul-

250 3413 289 3464 nis
304 3428 335 3462 aa
352 3410 477 3460 solertiae.
494 3408 594 3459 Curtius
611 3408 663 3458 IX.
684 3414 705 3457 1.
727 3406 800 3468 Gens,
847 3419 897 3470 tor,
916 3410 1002 3460 durius
1019 3411 1166 3472 consuleret,
1182 3413 1288 3462 mittitur
1305 3410 1396 3461 Petro·

250 3505 278 3545 ut
303 3494 418 3553 barbari,
441 3491 567 3557 sapientia
584 3491 690 3540 excellit.
708 3490 800 3539 Florus
846 3492 901 3540 nius
935 3491 1110 3558 Turpilianus,
1138 3502 1259 3557 tamquam
1284 3493 1396 3542 exorabi-

251 3571 800 3632 IV.12.Nectemeresumtus,utinbar·
846 3573 900 3622 lior.
936 3571 972 3622 Et
994 3573 1091 3624 delictis
1108 3574 1211 3625 bostium
1228 3591 1302 3623 nonus
1318 3588 1395 3637 eoque

251 3655 332 3712 baris,
350 3654 461 3718 impetus.
842 3655 1009 3721 paenitentiae
1034 3655 1129 3716 mitior,
1147 3655 1286 3721 compositis
1300 3656 1394 3720 priori·

289 3734 436 3784 Tenentibus
461 3750 531 3782 arma
547 3734 675 3798 plerisque
690 3763 723 3772 —
741 3744 799 3784 tum·
845 3739 889 3785 bus
912 3737 974 3786 uitat
998 3736 1067 3786 ultra
1083 3754 1173 3797 ausus,
1195 3736 1317 3788 Trebellio
1334 3735 1394 3786 Ma·

250 3833 323 3883 quam
339 3814 497 3866 exorabilior.
534 3816 613 3863 Totus
630 3816 671 3864 hic
687 3816 757 3864 loeus
772 3817 798 3865 in
845 3820 908 3868 ximo
926 3819 1079 3883 prouinciam
1097 3819 1211 3868 tradidit.
1246 3820 1297 3868 Pro
1315 3827 1394 3868 tenen-

250 3903 335 3952 Vatic.
352 3900 486 3948 admodum
504 3899 732 3960 turbatueapparet.
751 3897 798 3945 Le·
845 3901 909 3948 tibus
933 3901 1019 3963 scrIpsi
1044 3900 1200 3950 tentantibus.
1227 3902 1342 3952 Verbum
1365 3902 1393 3950 iu

250 3986 317 4049 gitur
333 3985 360 4033 in
379 3980 405 4030 A
420 3981 536 4046 plerique
553 3993 598 4042 pro
613 3977 754 4042 plerisque,
771 3978 797 4026 in
844 3995 871 4029 re
893 3980 937 4029 tali
953 3981 1080 4031 usitatum.
1100 3981 1191 4032 Caesar
1208 3984 1240 4032 B.
1257 3981 1289 4032 G.
1308 3984 1331 4032 I.
1350 3988 1392 4032 ³6.

249 4066 307 4116 Ar
329 4065 438 4131 propius
462 4078 508 4126 pro
529 4059 664 4127 proprius,
688 4059 715 4108 iu
741 4057 797 4107 ΔΓ
840 4059 941 4110 Aeduos
966 4063 1025 4123 sibi,
1052 4063 1163 4126 quoniam
1188 4063 1246 4114 belli
1256 4066 1392 4128 fortunam

250 4163 404 4213 nequaquam
429 4161 473 4209 pro
499 4145 537 4203 ni,
558 4157 714 4206 quamquam,
731 4143 798 4190 unde
845 4150 990 4202 tentassent,
1016 4153 1040 4192 et
1061 4144 1138 4194 armis
1163 4145 1288 4209 conpressi
1304 4161 1335 4193 aa
1351 4161 1391 4194 su·

251 4232 351 4283 Puteal.
368 4230 437 4279 fecit:
454 4223 798 4290 Hiequarnquamsuaeeius·
841 4224 928 4290 parati
952 4234 1044 4284 essent,
1069 4225 1248 4288 stipendiarios
1270 4242 1323 4275 esse
1351 4229 1392 4280 fa-

250 4307 797 4376 queprosuaacuiusqne.Aliideindeuliaat·
843 4313 903 4354 ctos.
921 4306 1009 4355 Livius
1027 4306 1122 4355 XXII.
1143 4312 1180 4356 19.
1199 4305 1290 4371 Itaque
1306 4310 1393 4357 nonab

250 4395 362 4442 tulerant
379 4394 410 4441 ad
424 4389 797 4454 aavelexplicundavelemen·
844 4386 911 4435 hoste
934 4397 958 4435 et
979 4387 1077 4451 proelio
1099 4388 1178 4452 maqis
1200 4387 1294 4448 Poeni,
1319 4407 1392 4453 quam

252 4476 342 4525 danda.
376 4474 431 4535 Ego
467 4473 528 4522 haee
562 4472 640 4530 edidi,
667 4477 694 4518 ut
721 4471 797 4521 edidit
844 4477 934 4518 suomet
958 4468 1009 4532 ipsi
1035 4467 1135 4517 tumultu
1163 4469 1269 4531 turbati,
1297 4479 1393 4522 tentata
