3130 5308
224 519 285 580 112
343 580 347 600 ,
654 527 805 574 connnsn
829 523 940 574 asciri

263 697 414 764 XXVIII.
454 696 572 762 Iisdem
596 707 713 762 aestate
737 695 848 760 cohors
874 693 1067 782 Usipiorum,
1092 715 1149 782 par
1176 693 1369 764 Germanias

218 803 413 898 conscripta·
430 814 460 867 et
496 802 529 866 in
565 801 762 867 Britanniam
786 799 977 871 transmissa,
1001 820 1154 887 maguum
1179 822 1216 864 ac
1242 823 1367 867 mamo-

219 908 317 974 rabilo
347 908 469 972 lacinus
504 929 577 972 ausa
601 918 659 972 est.
698 903 811 972 Occiso
835 904 1021 973 centurione
1045 926 1082 968 ac
1106 905 1282 982 militibus,
1306 910 1368 996 qui

219 1014 258 1079 ad
291 1012 476 1078 tradendam
511 1012 710 1101 disciplinam
742 1010 873 1076 immisti
905 1007 1075 1096 manipulis
1114 1011 1298 1099 exemplam
1333 1027 1368 1078 et

219 1129 355 1184 rectores
389 1116 614 1195 habebantur,
647 1129 710 1181 tres
744 1114 915 1180 liburnicas
939 1112 1058 1178 adactis
1082 1136 1139 1201 per
1164 1117 1226 1182 rim
1250 1116 1367 1204 guber·

219 1361 306 1410 vicisse
322 1362 389 1421 rati,
407 1370 462 1430 arte
479 1377 536 1412 usos
551 1363 617 1421 ruti,
635 1370 767 1411 se—orte
816 1359 918 1410 Terent.
944 1359 1037 1408 Heaut.
1064 1358 1103 1408 11.
1132 1372 1174 1408 111.
1201 1362 1240 1410 73.
1258 1358 1319 1410 Non
1330 1361 1370 1422 fit

221 1441 291 1492 ducis
308 1441 387 1492 elusos
403 1444 468 1503 rati,
486 1442 767 1502 nonoirtuteoietoase‚
814 1441 867 1490 sine
888 1439 1002 1506 periculo
1022 1439 1131 1504 sacianos
1153 1456 1264 1505 acapnum
1280 1449 1305 1490 et
1320 1456 1369 1490 ma-

220 1523 266 1572 ced
286 1523 410 1572 occasione
434 1531 458 1572 et
474 1532 530 1573 arte
546 1523 616 1572 duas
632 1524 696 1583 rati,
714 1531 769 1570 arte
814 1521 938 1570 morabile.
956 1521 1030 1584 Virg.
1047 1520 1114 1571 Aen.
1134 1523 1185 1572 iv.
1196 1528 1236 1573 94.
1246 1521 1369 1587 Mapnum

221 1601 288 1652 eladi
303 1618 329 1651 se
345 1603 410 1664 rati,
427 1612 455 1652 ut
470 1619 516 1653 non
532 1603 635 1664 virtute,
651 1604 769 1652 sedocca-

221 1685 287 1733 sione
303 1692 327 1732 et
343 1693 400 1734 arte
416 1683 769 1749 dacissnperati,velatrati‚

221 1764 262 1814 nel
281 1765 382 1829 fracti,
408 1781 454 1814 non
470 1772 498 1813 ut
513 1765 606 1815 uirtute
623 1765 668 1814 sed
681 1793 716 1802 —
731 1783 770 1814 su-

218 1845 306 1910 perati
321 1862 368 1894 non
382 1844 508 1906 virtutem,
526 1845 571 1895 sed
586 1847 738 1896 occasionem
747 1855 771 1895 et

222 1935 300 1977 artem
324 1925 395 1976 duria
418 1926 486 1986 rati,
511 1943 558 1976 non
581 1927 711 1989 virtutem,
728 1928 773 1977 sed

221 2006 370 2057 occasionem
387 2016 411 2058 et
426 2015 505 2056 artem
521 2005 591 2058 ducis
606 2009 772 2068 rati,sc.esse

223 2103 273 2150 qua
286 2087 398 2137 vicerint.
415 2089 457 2137 Ita
474 2089 581 2140 Wexius
597 2091 678 2140 varias
691 2092 772 2141 conie-

223 2175 304 2217 cturas
329 2168 416 2228 affert,
443 2170 495 2231 ipse
510 2157 611 2220 veretur
627 2185 659 2220 ne
676 2172 773 2234 integro

223 2248 291 2297 linea
314 2249 410 2312 padus,
434 2264 508 2312 quam
534 2266 586 2299 uua
601 2252 689 2301 noculo
706 2252 771 2302 exci-

223 2329 301 2388 derit,
327 2336 370 2378 aut
395 2330 439 2378 illa
454 2331 532 2380 verba
548 2332 656 2381 delenda
672 2339 771 2392 causet,

223 2416 351 2475 tamquam
383 2411 521 2474 glossema,
554 2413 622 2476 qaod
649 2413 772 2476 prioribus

224 2493 286 2542 oIIm
313 2493 453 2556 appositum
476 2493 565 2552 fuerit,
590 2500 619 2542 ut
643 2495 670 2544 id
693 2510 772 2543 unum

223 2574 394 2636 relinquatur:
421 2571 458 2622 At
474 2572 596 2624 Britanni
612 2575 687 2624 irati:
703 2590 772 2638 prae·

225 2654 310 2702 sertim
326 2653 430 2702 miretur
447 2654 584 2704 Britannos
600 2658 631 2705 da
644 2657 772 2706 occasione

223 2735 355 2798 conqueri,
380 2749 457 2798 quum
482 2735 529 2798 ipsi
552 2736 634 2799 potins
657 2737 689 2784 ad
705 2751 772 2785 occa·

224 2815 321 2865 sionem
336 2815 402 2864 versi
418 2815 488 2864 illam
504 2816 715 2879 opportunitatem
723 2817 772 2866 Ro-

224 2897 305 2945 manis
320 2896 498 2958 praebuissent.
524 2897 580 2960 Ego
596 2898 770 2948 coniiciebam:

224 2986 252 3026 at
268 2975 402 3036 Britanni,
421 2985 544 3040 tamquam
559 2977 773 3037 nonoirtute,aed

223 3058 349 3108 occasione
373 3067 397 3107 et
420 3067 476 3108 arta
499 3059 631 3123 superati:
650 3068 771 3123 tamquam

223 3147 322 3203 propter
346 3139 535 3188 similitudinem
559 3140 688 3189 literarum
705 3148 771 3190 anta·

223 3219 365 3267 cedentium
394 3220 421 3268 in
446 3217 568 3267 Britanni
591 3219 665 3268 facile
689 3221 772 3269 omitti

224 3298 316 3361 potuit,
342 3304 367 3347 et
391 3298 505 3362 superati
529 3299 654 3362 eorrumpi
676 3300 702 3348 iu
728 3300 771 3349 du·

223 3377 321 3428 cirrati.
363 3377 485 3437 Romani,
519 3379 648 3438 dicebant,
673 3394 771 3443 snpera-

223 3466 313 3510 verant
325 3475 371 3510 nos
384 3474 435 3509 non
443 3459 548 3518 vinata,
557 3461 601 3509 sed
609 3461 739 3511 memiana
747 3470 771 3512 ot

223 3548 284 3590 arte.
309 3541 378 3590 Nota
401 3546 460 3590 sunt
475 3540 618 3590 huiusmodi
635 3544 769 3602 solamina,

222 3636 287 3684 quae
311 3622 371 3669 victi
396 3635 468 3684 saepe
487 3636 545 3670 cum
561 3624 697 3673 mendaciis
713 3639 770 3674 eon·

224 3703 339 3764 iungunt.
356 3699 447 3750 Caesar
464 3701 497 3748 B.
515 3699 546 3750 G.
564 3703 587 3750 Ι.
605 3709 646 3754 40.
664 3703 770 3770 Disper-

224 3798 265 3830 sos
289 3781 367 3830 subito
390 3779 516 3840 adortum,
533 3783 611 3846 inopis
627 3786 724 3834 ratione
740 3803 770 3835 ac

222 3861 323 3912 consilio
340 3877 411 3924 quam
427 3861 518 3910 virtute
533 3862 628 3912 vicisse.
645 3865 710 3914 v11.
729 3873 768 3916 99.

224 3943 284 3992 Νοη
308 3942 399 3991 virtute
416 3956 491 4005 neque
507 3941 663 3994 amonicione
679 3945 769 3996 Roma-

223 4040 279 4083 nos,
305 4021 349 4072 sed
371 4021 482 4086 artificio
507 4024 611 4087 quodam
628 4035 652 4076 et
668 4027 771 4078 seientia

221 4104 421 4170 oppugnationis.
447 4103 545 4165 Quibus
570 4107 691 4170 exemplis
711 4109 769 4160 We-

223 4187 295 4236 xium
311 4187 362 4234 iam
377 4200 451 4235 usum
467 4201 521 4236 essa
537 4187 620 4238 video.

273 4263 392 4331 Mapnam
423 4283 453 4316 ac
475 4269 627 4319 memorabile
653 4272 768 4335 facinus.

815 1612 839 1652 et
863 1600 1015 1651 memorabile
1040 1617 1130 1653 nornen.
1158 1603 1233 1654 Ovid.
1260 1605 1368 1653 Metam.

817 1684 852 1733 X.
879 1689 935 1734 608.
961 1681 1118 1748 Hippomene
1134 1685 1199 1734 victo
1215 1699 1326 1748 mapnum
1342 1693 1370 1732 et

816 1763 968 1813 memorabile
991 1780 1081 1814 nomen.
1107 1766 1203 1816 Lucan.
1230 1766 1281 1816 VI.
1307 1769 1367 1814 496.

816 1843 911 1896 Nescio
928 1845 995 1909 quod
1009 1845 1100 1894 nostris
1116 1863 1226 1912 mapsam
1243 1855 1267 1895 et
1284 1861 1369 1896 memo·

816 1925 894 1975 robile
905 1927 978 1992 satis
992 1923 1145 1992 Enanplum.
1154 1928 1273 1978 Ambros.
1284 1926 1362 1991 Oper.

818 2006 850 2056 Τ.
876 2008 899 2056 Ι.
924 2022 949 2070 p.
967 2011 1024 2056 595.
1042 2005 1161 2072 Mapnum
1174 2017 1197 2057 et
1213 2007 1369 2058 memorabile

818 2089 923 2154 officium
940 2085 1000 2136 Dei.

852 2166 998 2233 Exemplum
1027 2177 1051 2216 et
1075 2177 1183 2219 rectores
1208 2168 1371 2220 iubebantur.

820 2250 943 2313 Vopiscus
959 2251 986 2299 in
1002 2249 1055 2298 vita
1064 2249 1146 2300 Taciti
1156 2265 1209 2312 cap.
1219 2249 1301 2299 tfacit
1309 2265 1372 2300 eum

818 2330 956 2378 dicentem:
987 2326 1089 2389 Miror,
1114 2327 1149 2378 P.
1180 2319 1266 2388 (isin
1290 2328 1372 2378 boum

817 2406 952 2459 Aureliani
961 2409 1102 2474 fortissimi
1117 2409 1273 2474 imperatoris
1287 2425 1371 2458 senen

817 2489 878 2539 nelle
899 2489 1038 2554 principem
1058 2492 1161 2555 facere
1188 2487 1224 2538 Et
1248 2490 1369 2550 membra,

819 2586 881 2634 quae
913 2570 1023 2620 ioculari
1051 2570 1164 2631 valeant,
1191 2586 1254 2634 qaae
1279 2570 1372 2622 hastile

818 2659 944 2715 torquere,
972 2668 1035 2717 quae
1052 2651 1144 2717 clypeis
1160 2652 1285 2710 intonare,
1304 2669 1371 2716 quae

818 2731 853 2780 ad
877 2733 1009 2798 cuempiam
1026 2732 1129 2782 docendi
1145 2732 1233 2782 milites
1243 2735 1371 2797 frequen·

818 2821 855 2861 ter
880 2814 1001 2876 equitare.
1027 2814 1079 2864 Hic
1096 2813 1245 2862 centuriones
1263 2821 1289 2863 et
1304 2813 1371 2864 mili-

818 2901 854 2942 tes
878 2900 936 2942 sunt
961 2896 1119 2958 exemplum,
1143 2902 1172 2944 ut
1188 2896 1253 2959 apud
1269 2895 1369 2946 Lucan.

818 2974 872 3023 ΙΙΙ.
891 2976 947 3024 tao.
959 2975 1096 3039 fessusque
1112 2984 1210 3026 senecta
1220 2974 1371 3042 Enernplum

817 3071 863 3103 non
878 3054 946 3104 miles
961 3064 1024 3105 aot.
1043 3057 1106 3106 Noti
1122 3063 1181 3107 sunt
1198 3056 1310 3106 meteres
1329 3074 1370 3106 co-

817 3135 908 3195 hortis,
947 3136 1153 3201 campidoctores,
1193 3137 1371 3210 annidoctores

817 3219 873 3266 sim.
889 3219 921 3267 de
937 3232 988 3282 qno
1004 3218 1110 3268 Salmas.
1120 3221 1153 3268 ad
1164 3220 1266 3283 Vopisc.
1276 3220 1303 3268 in
1313 3219 1369 3268 An-

816 3299 911 3347 reliano
928 3304 969 3347 23.
986 3297 1163 3360 Habebuntur,
1179 3306 1209 3350 ut
1225 3299 1314 3349 babere
1330 3302 1368 3350 di·

816 3380 897 3427 cimur
911 3379 1027 3430 homines
1043 3388 1068 3431 ot
1083 3396 1136 3441 res,
1153 3383 1221 3432 unde
1233 3383 1370 3434 utilitatem

815 3461 988 3524 percipiamus.
1005 3463 1046 3512 Ita
1057 3463 1163 3526 populus
1173 3463 1302 3512 Romanus
1310 3477 1368 3527 cap.

819 3545 857 3589 14.
882 3539 984 3590 babebat
1009 3551 1033 3592 et
1048 3559 1117 3607 repes
1133 3543 1295 3592 instrumenta
1313 3559 1367 3591 ser·

815 3621 909 3671 vitatis.
935 3623 1032 3672 Annal.
1059 3624 1113 3672 III.
1135 3629 1176 3674 42.
1194 3625 1226 3691 de
1242 3625 1282 3672 ala
1299 3624 1370 3687 equi·

815 3710 885 3764 turn,
902 3720 966 3768 quae
983 3705 1123 3770 conscripta
1144 3702 1259 3753 Treveris
1275 3703 1371 3754 militia

816 3783 996 3848 disciplinaque
1021 3793 1106 3833 nostra
1136 3783 1282 3845 iubebatur,
1308 3785 1326 3834 i.
1343 3799 1368 3834 a.

815 3880 865 3928 qua
881 3867 922 3914 ala
934 3867 969 3915 ibi
986 3868 1130 3927 utebamur,
1147 3873 1275 3930 tamquam
1284 3873 1370 3916 meent

815 3945 863 4008 ipsi
892 3945 1000 3995 Romani
1022 3948 1125 4010 equites.
1151 3946 1272 3996 Wexius:
1301 3945 1368 3996 uAn

815 4027 950 4076 militarem
967 4027 993 4076 h.
1010 4029 1028 4076 1.
1045 4027 1121 4076 habet
1138 4027 1368 4091 significationem?

817 4106 916 4157 Haberi
940 4110 1008 4158 euim
1034 4109 1060 4157 iu
1078 4109 1162 4173 aliquo
1177 4110 1233 4158 loco
1250 4109 1370 4158 dicuntur

815 4190 921 4250 milites,
945 4191 990 4255 qui
1006 4191 1038 4238 ad
1055 4197 1152 4254 tempus
1168 4190 1195 4240 in
1213 4205 1243 4238 eo
1259 4188 1368 4252 agunt.”

850 4268 886 4319 Et
900 4287 946 4320 uno
963 4271 1108 4336 remipante,
1126 4270 1248 4335 suspectis
1264 4269 1369 4328 duobus,

224 4345 333 4405 Mirum,
365 4355 517 4412 quantopere
541 4351 685 4414 scriptores,
711 4352 769 4402 iude
815 4367 889 4414 eoque
904 4351 1053 4417 intersectis.
1069 4352 1152 4402 Nemo
1168 4352 1219 4400 iere
1235 4366 1287 4400 nou
1303 4351 1370 4400 hacc

221 4438 238 4472 e
263 4426 393 4488 Terentio,
414 4430 471 4480 «ista
500 4434 652 4496 coniungere
677 4442 768 4484 ament.
816 4447 868 4483 esse
893 4439 1008 4496 corrupta
1023 4433 1122 4484 fatetur.
1141 4433 1296 4484 Puteolanus
1313 4447 1369 4482 cor·
