3130 5308
654 551 832 602 recreent.
1278 543 1320 606 stt

170 733 307 791 rentum
343 721 410 788 eins
444 721 526 786 elem
562 722 594 785 in
625 720 741 786 linibus
765 723 827 785 suis
851 733 995 810 egentem
1020 743 1119 813 prope
1143 725 1322 790 universum

172 829 370 902 ultricem,
408 847 510 914 eoque
543 825 634 890 initio
669 834 773 891 erecte
795 827 979 914 provincie;
1007 839 1039 892 et
1062 825 1177 915 quibus
1200 827 1321 894 bellurn

173 932 356 998 solentibus
390 942 477 1007 eret,
512 929 646 1018 probure
680 931 882 1018 exemplum,
919 953 956 996 ec
979 933 1113 998 recentis
1136 932 1231 1021 legeti
1255 934 1322 998 eui-

173 1059 267 1102 mum
296 1035 437 1124 operiri,
470 1055 568 1123 quum
593 1035 757 1122 Agricola,
790 1056 983 1123 quemquern
1007 1049 1182 1104 transuecta
1205 1050 1321 1115 aestus,

176 1224 280 1273 obruere
298 1222 367 1270 idem
384 1234 437 1270 esse
452 1226 542 1284 putent
558 1226 632 1284 etque
647 1219 725 1268 otum-
772 1221 843 1270 Fecit
867 1222 943 1284 igitur
968 1223 1108 1282 tenuium,
1133 1228 1159 1272 et
1183 1223 1245 1272 duos
1261 1223 1321 1274 hen·

173 1305 264 1362 orare,
286 1301 460 1364 metaphoram
475 1315 520 1364 per
535 1301 660 1350 divertens
675 1315 726 1352 me·
772 1303 950 1365 deeesyllsbos.
976 1301 1077 1366 Optime
1093 1309 1177 1354 sutem
1194 1301 1320 1354 Gesnerus

173 1384 309 1447 tephorem
340 1383 547 1445 interpretsntnr;
583 1395 664 1444 neque
688 1383 726 1432 vis
772 1389 857 1432 monet
867 1385 948 1448 suco,
965 1384 1034 1446 quod
1051 1383 1206 1435 Colomesins
1222 1385 1319 1446 omisit,

173 1462 336 1514 obumbrandi
350 1463 426 1512 reicit
441 1463 494 1512 rim
511 1462 636 1512 obruerdi.
671 1463 726 1514 Ali-
772 1478 823 1514 non
840 1465 922 1513 omitti
930 1463 1051 1514 debuisse.
1062 1463 1320 1527 Sunt,puto,omnes

172 1546 237 1609 quid
254 1544 367 1594 obruitur
383 1550 451 1594 terre
465 1543 575 1606 ingestu,
592 1545 725 1606 obtegitur,
771 1545 874 1603 senerii,
899 1545 1012 1594 membre
1032 1544 1129 1594 disiecti
1149 1547 1249 1609 metes,
1265 1559 1319 1608 per·

173 1625 251 1688 plene
276 1637 290 1674 e
315 1630 449 1686 conspectu
470 1625 579 1683 tollitur,
600 1625 725 1688 sepelitur.
771 1625 818 1672 tim
849 1639 947 1689 qnoque
980 1626 1076 1676 mutsti.
1114 1624 1150 1676 Ut
1176 1626 1234 1676 uene
1253 1627 1319 1691 suco

171 1707 273 1756 Notum
294 1704 358 1754 illud
375 1703 502 1754 Ciceronis
517 1707 664 1768 figuratum,
681 1719 726 1769 pro
773 1703 851 1754 tincta
872 1722 1013 1770 purpuram
1036 1708 1101 1757 citra
1118 1703 1209 1755 Placet
1213 1726 1224 1762 ;
1243 1705 1319 1756 locer-

174 1787 259 1836 Arch.
286 1791 324 1836 10.
349 1783 413 1836 Nisi
430 1781 496 1836 Iliae
511 1784 558 1836 itta
574 1785 723 1845 enstitisect,
772 1801 818 1834 nce
842 1786 883 1835 ubi
907 1787 1039 1836 contuleris
1060 1785 1212 1845 Laconicae,
1230 1784 1319 1836 Melie·

174 1865 242 1916 idem
267 1865 383 1926 tumulus,
409 1866 453 1930 qui
468 1881 559 1930 corpus
577 1866 630 1915 eius
647 1873 724 1914 conte·
770 1865 807 1914 ris
838 1866 951 1916 obruitur
981 1875 1118 1931 conspectu.
1145 1867 1319 1932 Sequebantur

172 1955 263 2006 κεναί,
288 1961 370 1995 rumen
395 1946 470 1995 etiam
494 1947 623 1996 obruisset.
641 1947 722 1996 Tecit.
769 1953 818 1996 tres
844 1947 967 2009 syllobse,
984 1962 1009 1998 v.
1026 1963 1048 1996 c.
1067 1945 1175 2006 scilicet,
1192 1947 1233 1996 vel
1250 1947 1318 1996 eliud

174 2029 266 2092 Agric.
283 2032 324 2077 tt.
341 2026 429 2076 multos
444 2035 551 2078 ueterum
566 2027 631 2077 uelut
648 2027 723 2091 tnptu
769 2028 868 2077 initium
893 2042 973 2078 novae
997 2029 1143 2078 sententiae.
1169 2023 1224 2075 Pro
1242 2026 1318 2076 lecer-

172 2109 228 2158 rios
244 2117 270 2158 et
285 2107 403 2172 ipuobilcs
419 2107 507 2157 obliuio
523 2109 616 2158 obruet.
633 2109 723 2172 Dispn·
769 2122 815 2155 rrae
840 2109 867 2156 in
893 2106 956 2158 Cod.
983 2109 1099 2158 Vellensi
1125 2121 1178 2157 csse
1203 2105 1318 2156 Lacenae

172 2197 213 2239 tet
228 2191 262 2240 de
277 2191 354 2238 verbo
372 2187 650 2252 Gebhndsottepone
659 2189 723 2238 Psu·
769 2193 839 2236 notet
861 2187 986 2240 Gellseus.
1021 2190 1080 2240 Hoc
1104 2197 1168 2249 eret,
1190 2196 1264 2252 puto,
1282 2187 1317 2237 lu·

171 2271 272 2320 senium
288 2271 311 2319 I.
332 2274 353 2318 l.
378 2267 414 2319 Ut
429 2269 561 2319 uirtutibus
578 2269 669 2329 eluxit,
686 2269 723 2318 sic
768 2283 856 2318 terrm
872 2267 1020 2321 Laconicae.

170 2351 245 2401 uitiis
268 2359 306 2400 est
321 2351 422 2399 obrutus
426 2371 437 2405 ,·
454 2351 583 2414 explicere
598 2351 722 2409 obtectus,
802 2348 974 2415 Sustinuitpue
993 2351 1083 2400 rmlem.
1101 2351 1140 2400 Ut
1157 2350 1261 2402 cerialis
1277 2365 1316 2400 sn-

172 2433 327 2482 obscurutus.
350 2431 429 2480 Recte
445 2432 566 2490 obtectus,
583 2432 624 2480 vel
640 2431 722 2494 potius
767 2431 867 2490 stinnit,
892 2433 928 2482 its
945 2433 978 2492 Q.
1005 2431 1114 2491 Atilius,
1138 2437 1163 2480 et
1179 2430 1316 2480 Frontinus

171 2521 292 2578 opertus,
308 2520 449 2584 coopertus,
466 2512 549 2563 minus
565 2512 721 2560 recteobecu·
767 2514 936 2562 sustinuerunt
962 2527 1028 2571 rern,
1054 2527 1070 2560 s
1095 2510 1191 2562 Ceriale
1216 2509 1316 2558 inchoe-

170 2600 261 2651 rotus,
283 2605 360 2656 neque
376 2598 443 2642 recte
459 2592 516 2642 ille:
536 2590 635 2644 rObrui
654 2592 722 2642 enirn
766 2599 819 2641 tem
856 2598 882 2642 et
914 2593 1095 2644 successoribus
1127 2593 1314 2650 continuatum,

170 2674 288 2737 opposuit
306 2672 344 2738 τῷ
361 2673 464 2724 elucere.
482 2673 551 2736 Ergo
567 2674 669 2722 obruere
685 2679 722 2722 est
766 2687 885 2737 quaeres
902 2680 986 2724 tentes
1002 2673 1315 2736 molieeret,utmegnum

170 2753 331 2804 obscurare.''
368 2754 453 2818 Atque
477 2754 525 2802 hoe
542 2754 618 2803 etism
633 2754 721 2803 confir·
765 2755 848 2803 virum
873 2769 926 2805 esse
950 2761 1086 2819 oporteret,
1103 2754 1147 2818 qui
1160 2759 1243 2816 posset
1259 2752 1314 2802 sulr

170 2835 237 2884 meri
260 2842 331 2899 putet
353 2848 387 2884 ex
403 2834 428 2882 h.
445 2835 463 2883 l.
482 2835 572 2884 Taciti.
607 2833 721 2884 Stetere
766 2835 816 2893 ire,
844 2849 890 2884 nec
915 2837 1093 2884 succumberet.
1112 2835 1216 2884 Cerialis
1229 2849 1313 2898 quem·

170 2931 221 2964 nus
245 2917 280 2965 ibi
306 2929 352 2966 nos
377 2915 506 2964 consulere
530 2915 599 2964 iubet
615 2916 721 2964 eximios
766 2916 805 2964 vis
820 2918 984 2979 prseclureee
1000 2919 1127 2979 gessisset,
1144 2931 1196 2965 non
1213 2929 1315 2964 omnem

168 2998 317 3061 interpretes
347 2995 722 3059 Burmannumstgntfioenuso
766 2998 846 3046 leudis
854 2997 1231 3058 materiemuliisprseripuerst.
1254 2993 1313 3043 Sue·

170 3077 261 3127 Veler.
286 3078 369 3126 Flsec.
392 3078 416 3126 1.
433 3082 491 3126 ets.
509 3077 671 3126 Burmannus
686 3081 721 3124 te·
766 3078 845 3126 cessio
861 3084 945 3126 tumen
963 3077 1001 3125 illi
1017 3090 1113 3138 semper
1129 3081 1182 3122 eret
1193 3073 1313 3132 difficilis,

169 3173 234 3209 men
250 3172 343 3222 neque,
359 3165 387 3208 ut
402 3159 540 3221 oportebet,
549 3157 721 3208 dehocrerbo
767 3165 792 3207 et
815 3159 875 3221 quis
891 3163 975 3207 tentus
991 3159 1043 3216 vir,
1060 3162 1085 3205 et
1100 3156 1160 3219 quis.
1175 3161 1246 3204 tants
1261 3169 1313 3204 mo·

170 3240 332 3303 exposuisse,
356 3254 436 3304 neque
459 3241 543 3288 locum
570 3239 721 3300 Quintiliani
765 3240 802 3288 les
834 3254 917 3289 rerum
947 3245 999 3290 eret
1029 3239 1180 3287 sustinendo.
1208 3236 1313 3287 Ovidius

169 3319 258 3370 Instit.
286 3319 354 3370 Oret.
378 3320 445 3369 XII.
467 3325 497 3370 10
514 3321 636 3382 recepisse
653 3320 720 3370 vide·
767 3321 871 3370 Metsm.
900 3320 963 3370 XV.
992 3324 1013 3368 1.
1041 3317 1178 3376 Quaeritur
1201 3318 1312 3376 interce,

168 3409 220 3450 tur.
239 3400 422 3463 Quintilianus:
440 3398 485 3448 sed
499 3409 644 3450 macescunt
660 3400 720 3450 lucc
766 3401 809 3463 qui
831 3410 915 3450 tautae
938 3398 1051 3467 pondera
1075 3398 1144 3447 molis
1168 3395 1312 3455 Sustineat,

168 3489 248 3545 atquc
273 3482 423 3530 cenoriuutur
441 3479 623 3545 comparatione
640 3480 719 3530 melio·
767 3490 881 3544 tantoque
907 3489 982 3544 queat
1007 3477 1136 3529 succedere
1150 3476 1212 3540 repi.
1231 3476 1312 3524 Tacit.

166 3577 232 3611 rum.
249 3570 278 3610 ut
294 3560 355 3610 leuc
370 3561 449 3610 tincto
460 3563 526 3625 suco
543 3561 609 3610 citra
622 3577 718 3625 purpu·
766 3561 862 3610 Annul.
889 3563 912 3610 Ι.
940 3565 979 3609 ll.
1005 3557 1089 3609 Solem
1114 3555 1179 3608 Divi
1202 3554 1313 3620 Aupusti

166 3657 224 3692 ram
245 3642 346 3708 placet:
363 3643 387 3690 si
403 3641 536 3690 contuleris
551 3641 625 3690 etium
643 3640 718 3690 lucer
764 3649 862 3690 mentem
887 3647 971 3690 tantae
995 3639 1065 3690 molis
1090 3653 1221 3705 caponem,-
1244 3651 1270 3686 se
1287 3635 1313 3685 irs

167 3739 229 3783 noc,
254 3730 385 3786 conspectu
409 3720 517 3770 melioris
541 3723 674 3781 obruatur,
691 3729 718 3770 ut
761 3730 861 3788 portem
886 3737 1002 3770 curarum
1026 3723 1057 3770 ab
1073 3719 1116 3778 ido
1133 3727 1256 3778 uocatum,
1273 3733 1312 3766 ex·

172 3803 276 3854 Ouidius
284 3802 331 3852 ait.
338 3803 426 3850 Burm.
435 3809 474 3852 oet
481 3801 718 3853 Ovidiumeoverbo
761 3803 880 3868 periendo
897 3801 1026 3863 didicisse,
1042 3817 1114 3866 quom
1128 3799 1313 3864 arduumquem

63 3879 65 3884 ¹
165 3888 204 3936 ite
215 3881 719 3942 neumdocetQuintr'lisnuszlanatirrctu
764 3885 894 3935 subiectum
893 3879 1311 3950 sortuuuccuuctorependimurtue.

159 3969 230 4033 suco
247 3965 314 4014 citro
327 3979 467 4030 purpuram
480 3962 574 4027 placet.
589 3960 718 4012 Atricon·
765 3967 863 4016 Plinius
888 3968 1015 4030 Panegyr.
1041 3971 1082 4013 44.
1104 3961 1184 4010 Nemo
1201 3968 1238 4009 cst
1254 3974 1311 4022 erpo

166 4045 389 4104 murtrum-roe,
397 4052 511 4108 respectu
519 4043 717 4094 meliorisobruu·
766 4055 815 4096 tem
841 4047 890 4105 tui,
916 4055 966 4096 tom
987 4046 1089 4110 ipuorus
1114 4041 1166 4100 sui,
1192 4048 1219 4088 ut
1237 4038 1313 4088 lecum

168 4136 224 4186 tur,
241 4134 269 4174 ut
292 4123 393 4174 Ouidius
410 4125 475 4174 ait.''
494 4124 649 4176 Colomesius
665 4139 719 4174 ver·
764 4127 845 4191 ipsum
857 4135 917 4190 post
934 4134 957 4174 te
966 4125 1122 4189 concupiscat
1131 4120 1254 4186 :facilius
1263 4127 1312 4179 est,

166 4208 274 4266 similos,
297 4206 401 4256 fortusse
418 4219 451 4255 ex
468 4206 595 4268 trsgoedis
611 4212 717 4264 sumtus,
764 4215 792 4256 ut
808 4221 861 4254 esse
878 4204 970 4268 uliquis
987 4218 1112 4254 successor
1127 4211 1182 4250 tuus
1197 4216 1312 4268 csscpos·

167 4289 205 4338 sie
220 4288 344 4337 restituit:
371 4286 406 4336 Ut
420 4285 483 4335 loeo
497 4287 574 4336 tincta
579 4302 719 4353 purpuram
764 4287 812 4345 sit,
838 4301 911 4348 quam
933 4295 961 4334 ut
976 4284 1044 4333 uelit.
1080 4281 1143 4337 Quis
1159 4282 1220 4330 enim
1237 4298 1313 4332 curae

168 4369 234 4418 citra
256 4367 359 4434 placet,
373 4366 411 4416 Ar
427 4368 451 4416 si
467 4366 599 4416 contuleris
615 4382 668 4416 cam
684 4367 719 4416 lu·
766 4375 822 4416 tuae
838 4365 921 4414 molem
939 4373 1024 4431 sponte
1041 4363 1143 4412 euocare
1172 4360 1235 4418 Quis
1253 4380 1312 4414 coru·

167 4465 270 4510 cernue,
301 4448 436 4514 Conspectu
461 4448 568 4498 melioris
592 4449 718 4499 obruatur.
761 4447 855 4513 parari
870 4445 922 4515 tior·
938 4463 983 4498 non
999 4442 1164 4512 reformidet?
1183 4443 1313 4512 Expertus
