3130 5308
210 513 270 574 lli
645 525 799 574 coasutrr
824 525 935 573 ricrrr

212 707 247 759 ut
289 694 518 762 infirmissimos
562 716 708 770 suorum,
743 714 817 760 mox
852 704 934 760 sorte
968 693 1100 771 duetus,
1137 704 1351 760 vescerentur.

212 800 317 889 litque
359 801 403 865 ita
447 800 650 867 circumvecti
689 799 922 875 Britanniam,
949 798 1068 864 arnissis
1102 819 1159 886 per
1192 799 1352 864 inscitiam

210 903 339 994 regendi
374 905 524 983 neribus,
558 927 615 994 pre
638 903 849 995 praedonibus
872 901 992 978 habiti,
1017 902 1156 992 primum
1181 925 1199 967 e
1222 901 1353 979 Suavis,

209 1033 281 1078 mox
314 1033 332 1074 a
360 1011 466 1076 Frisiis
496 1011 664 1100 intercepti
695 1021 778 1074 suut.
812 1007 858 1074 Ao
880 1007 990 1086 fuere,
1015 1027 1093 1094 ques
1116 1029 1174 1095 per
1196 1026 1354 1074 commer-

209 1231 299 1281 aquam
315 1224 389 1280 atque
403 1215 479 1266 utilia
495 1214 756 1282 rapturisecum,ple·
833 1212 942 1264 Amissis
960 1227 1010 1279 per
1026 1212 1150 1264 inscitiam
1167 1211 1268 1278 rependi
1283 1214 1354 1264 naui·

208 1296 308 1361 risque.-
324 1313 380 1346 moa
395 1294 430 1346 ael
444 1313 535 1360 aquam
551 1297 756 1362 atqueutiliara·
801 1296 852 1345 bus.
887 1294 939 1344 Ars
954 1295 1059 1344 omuino
1076 1301 1129 1344 eret
1145 1294 1265 1355 difficilis,
1283 1301 1308 1345 et
1323 1295 1353 1344 il·

205 1387 277 1443 ptum
293 1378 345 1428 ire.-
363 1393 418 1427 mae
434 1377 470 1427 ad
485 1393 575 1442 equam
591 1386 665 1441 atque
680 1375 756 1428 utilia
800 1376 832 1424 lis
849 1375 1014 1439 temporibus,
1032 1381 1057 1424 et
1074 1375 1137 1424 meri
1154 1375 1253 1438 ignoto,
1271 1379 1296 1425 et
1307 1375 1354 1425 ha·

207 1458 304 1525 dilapsi
327 1467 353 1508 et
376 1475 429 1508 cum
447 1459 590 1524 plerisque.-
607 1475 661 1508 rtreer
676 1467 756 1508 autem
800 1457 924 1517 minibus,
941 1457 984 1520 qui
1001 1471 1052 1505 nou
1069 1456 1226 1515 didicissent,
1239 1461 1353 1515 ut,V.c.,

207 1555 298 1604 aquam
314 1547 390 1603 atque
405 1539 481 1590 utilia
497 1547 629 1605 reptantes
645 1539 756 1604 cumple-
801 1539 920 1588 didicerat
946 1537 1092 1597 carausius,
1118 1538 1149 1586 de
1165 1551 1216 1600 que
1233 1535 1355 1586 Aurelius

207 1619 307 1684 risquer
332 1636 387 1669 mox
403 1622 432 1670 ob
449 1635 539 1684 aquam
555 1619 756 1685 atpueutiliase·
802 1620 891 1668 Victor
913 1620 940 1668 in
966 1618 1130 1678 Caesaribus,
1148 1615 1286 1666 XXXIX.
1312 1621 1355 1667 20.

204 1700 296 1765 parati
320 1715 373 1749 cum
393 1700 529 1766 plerisque.
564 1703 622 1766 Ipse
648 1699 756 1752 Wexius
803 1697 890 1759 lium,
908 1698 981 1747 simul
997 1699 1057 1762 quia
1072 1697 1224 1763 palernandi
1241 1696 1300 1762 (que
1314 1697 1356 1763 es·

207 1782 239 1831 de
255 1795 300 1832 suu
316 1782 458 1832 coniectura
474 1783 564 1833 edidit:
581 1797 636 1831 moe
650 1781 756 1844 alequa
796 1779 859 1841 ficio
876 1777 1065 1828 adolescentiam
1080 1777 1189 1828 mercede
1198 1778 1356 1844 exacuerat)

207 1869 283 1926 atque
307 1863 374 1913 uicta
400 1863 539 1912 laborantes
561 1878 614 1911 cum
626 1861 755 1928 plerisque
799 1875 896 1925 pnarus
918 1859 1066 1920 labebatur,
1080 1859 1214 1924 peraridus
1231 1859 1306 1910 classi
1323 1875 1356 1908 ae

207 1940 387 1994 Britannorum
411 1960 458 1993 sua
480 1959 517 2009 sq.
535 1944 648 1994 Kritzius
664 1943 755 2007 partim
797 1939 976 2004 propulsandis
996 1938 1126 1991 Germanis
1142 1940 1355 2006 mariainfestan·

207 2038 241 2074 ex
257 2026 432 2076 emendatione
448 2025 588 2075 Ecksteinii
602 2025 755 2075 edidit:mea
801 2021 877 2081 tiens,
898 2023 1058 2087 praefecere.
1086 2020 1144 2071 Hoc
1168 2021 1273 2083 elatior,
1299 2037 1353 2071 cum

207 2103 243 2153 ad
265 2121 357 2168 aquam
381 2114 457 2170 atque
480 2105 555 2156 utilia
579 2105 682 2172 raptari
703 2121 755 2154 eum
796 2117 888 2167 parum
903 2102 991 2152 nmltos
1007 2102 1170 2168 opprimeret,
1188 2118 1266 2166 neque
1276 2117 1353 2167 pree·

203 2184 333 2249 plerisque
357 2199 393 2249 sq.
419 2185 458 2235 ad
474 2200 563 2248 aquam
579 2186 755 2250 interpretetur
800 2181 847 2230 dae
864 2182 944 2232 omnia
959 2184 985 2233 in
1001 2184 1127 2232 aerarium
1142 2185 1267 2248 referret,
1285 2181 1355 2233 Her·

206 2265 232 2314 in
253 2263 401 2328 aquatione,
426 2273 452 2315 et
467 2265 543 2316 utilia
560 2281 575 2315 a
592 2267 681 2315 Tucim
697 2268 754 2316 scri·
800 2262 861 2312 atti
876 2272 953 2324 metu,
971 2280 988 2312 a
1005 2281 1052 2328 que
1069 2279 1096 2314 se
1113 2265 1354 2315 eaediiussumeem·

205 2351 276 2409 ptum
300 2351 383 2409 putet,
400 2359 452 2395 uon
469 2346 600 2408 utensilia,
617 2347 755 2412 quiaillud
797 2353 914 2408 perorat,
944 2343 1105 2396 Britanniam
1130 2345 1217 2396 lausto
1241 2343 1353 2412 Imperio

204 2428 297 2490 legitur
316 2428 388 2492 ‘apud
412 2426 514 2478 sallust.
536 2428 753 2493 Fragm.11.50.
800 2426 942 2490 capessivit.
977 2428 1010 2477 In
1034 2428 1075 2478 his
1094 2443 1186 2493 parum
1210 2433 1246 2478 est
1269 2441 1354 2477 carru·

209 2515 233 2557 et
250 2509 282 2558 B.
301 2509 324 2558 I.
342 2514 383 2559 86.
799 2513 878 2570 ptum.
905 2508 976 2571 Lego
997 2509 1149 2573 piratarum.
1167 2508 1297 2559 Cumanus
1313 2522 1354 2560 re·

241 2588 281 2638 Ac
302 2605 378 2654 saepe
393 2589 512 2651 victores,
529 2589 662 2655 aliquando
676 2587 754 2656 puisi.

209 2669 239 2721 Si
268 2683 341 2734 saepe
367 2679 449 2720 essent
477 2673 595 2730 victores,
621 2673 755 2736 aliqnando

207 2757 305 2801 tautum
328 2752 491 2815 pellerentur,
515 2758 642 2815 poterent,
663 2753 754 2812 credo,

206 2833 324 2884 idoneam
349 2847 427 2897 nqueo
452 2839 476 2882 et
497 2833 598 2881 utilium
614 2833 712 2895 copiam
727 2834 754 2882 ln

206 2928 283 2964 naves
299 2913 405 2975 referre,
422 2927 488 2978 ques
504 2915 537 2962 ab
550 2915 755 2977 extremeinopie

206 2993 376 3044 defenderent.
401 2993 518 3046 Fortasse
538 2995 627 3044 rectius
644 3000 754 3059 treuspo

206 3081 311 3135 nentur,
337 3081 362 3124 et
385 3076 508 3126 delebitur
532 3091 562 3125 ac
583 3078 650 3141 quod
666 3077 755 3127 oratio·

206 3169 266 3206 nem
289 3157 365 3204 modo
381 3157 497 3219 impedit:
515 3172 609 3220 suaque
625 3157 755 3223 defensan-

209 3235 268 3284 tium
289 3235 384 3300 proelio
409 3237 545 3300 conpressi,
570 3237 704 3301 aliqnando
720 3239 754 3288 vi-

206 3324 300 3377 ctores,
325 3331 401 3382 saepe
422 3315 505 3382 pulsi,
530 3333 557 3366 ea
574 3316 610 3365 ad
625 3326 755 3367 extremum

206 3397 306 3463 inopiae
321 3413 407 3446 venae
424 3413 461 3463 sq.

240 3476 281 3527 Εο
298 3477 334 3526 ad
348 3487 477 3528 extremum
485 3479 585 3544 inopiae
592 3492 685 3530 caure.
703 3481 754 3530 Hic

206 3557 242 3607 ad
266 3567 396 3608 extrenum
420 3562 519 3611 debebit
540 3562 680 3625 significare
702 3571 754 3611 tan·

208 3637 269 3687 dem.
287 3639 372 3702 Atque
389 3655 419 3688 eo
436 3655 509 3690 sensu
526 3655 598 3706 saepe
615 3644 753 3694 adhibetur.

207 3717 261 3768 Sed
285 3717 321 3768 ad
335 3727 465 3769 extremum
489 3721 589 3786 impiae
609 3737 707 3788 quoque
723 3725 754 3774 si·

206 3800 309 3864 gnificat
342 3799 378 3849 ad
401 3809 530 3850 extremam
553 3801 669 3867 inopiam.
695 3805 753 3854 Lir.

207 3881 314 3932 XLHI.
343 3885 381 3931 16.
406 3879 452 3930 se
474 3890 604 3932 eserenon
620 3884 677 3949 spei
690 3885 755 3935 verit

205 3979 272 4013 rerer.
298 3963 382 4024 Quare
407 3978 459 4012 non
483 3965 557 4014 credo
580 3966 696 4015 Tacitum
712 3981 754 4031 po·

206 4047 285 4096 suissc
306 4059 393 4094 vocem
410 4046 472 4094 odeo
489 4046 754 4109 ambiguomaumfe-

206 4127 254 4176 cile
268 4126 388 4190 potuisset
406 4141 434 4174 ee
451 4124 546 4176 tandem
553 4125 653 4193 inopiae
660 4144 753 4178 cenae.

799 2602 861 2638 rere
875 2590 967 2637 multos
984 2597 1145 2653 oppresserat.
1164 2591 1219 2640 Alii
1235 2592 1353 2654 legebant

800 2684 846 2717 non
859 2685 962 2734 parum,
980 2671 1152 2732 barbarorum,
1166 2687 1295 2736 paronam.

833 2748 946 2799 Primum
969 2765 986 2799 a
1011 2748 1112 2812 Saeuis,
1138 2767 1192 2800 moa
1214 2767 1232 2800 a
1256 2749 1357 2802 Frisiis

800 2831 932 2896 intercepti
955 2840 1019 2882 sunt.
1055 2833 1158 2882 Tacitus
1182 2832 1292 2897 loquitur
1318 2835 1352 2883 de

799 2918 852 2960 tote
875 2912 977 2962 cohorte
1001 2913 1186 2977 Usipetiorum,
1203 2915 1289 2979 quiin
1307 2915 1352 2964 tri·

800 2993 846 3040 bus
878 2993 1007 3043 liburnicis
1031 2993 1159 3046 Romanum
1183 2996 1354 3044 desumerent.

801 3072 960 3124 Britanniam
976 3075 1147 3136 circumvecti,
1166 3077 1280 3126 edlitera
1289 3074 1353 3126 Sue·

799 3169 889 3204 rorum
912 3157 1010 3206 venisse
1027 3158 1202 3220 intelliguntur
1218 3158 1292 3208 stibi
1309 3173 1354 3207 ua·

799 3249 844 3284 res
868 3237 987 3286 emisisse.
1007 3237 1140 3300 Quomodo
1153 3239 1260 3304 pansum
1277 3239 1354 3289 inter·

799 3317 864 3379 cepti
885 3316 978 3367 firmini
994 3334 1010 3368 e
1027 3317 1129 3380 Suevis,
1146 3336 1201 3369 moa
1217 3335 1233 3370 e
1249 3321 1354 3381 Frisiis,

800 3413 850 3446 uon
872 3397 993 3462 intelligo.
1012 3399 1128 3463 Cogitavi
1144 3417 1190 3462 en,
1207 3405 1274 3466 quod
1289 3403 1357 3452 mihi

799 3479 931 3529 obscurum
947 3481 1089 3543 ridebatur,
1107 3483 1161 3532 lieri
1176 3491 1258 3547 posset
1271 3483 1356 3547 magis

798 3561 967 3624 perspicuum,
992 3565 1075 3613 verbis
1090 3565 1258 3628 transpositis:
1277 3571 1355 3628 etque

799 3641 838 3690 ita
854 3641 1008 3694 circumuecti
1023 3641 1197 3706 Britanniam,
1215 3661 1232 3694 a
1249 3642 1354 3706 Saeuis,

800 3721 856 3771 elain
872 3738 889 3771 a
906 3721 1002 3773 Frisiis
1014 3741 1064 3789 pro
1079 3725 1247 3789 praedonibus
1264 3726 1352 3788 babiti,

799 3819 854 3852 moa
875 3804 974 3853 amissis
987 3820 1036 3870 per
1053 3805 1176 3855 inscitiam
1192 3805 1294 3871 rependi
1309 3823 1353 3857 aa·

799 3885 880 3944 vibus,
898 3885 1101 3951 interceptisunt.
1120 3886 1355 3938 circumvectiBrb

799 3967 912 4015 tenuium
943 3968 1052 4031 primum
1076 3974 1198 4018 venerunt
1223 3969 1255 4018 ed
1279 3969 1356 4022 litore

801 4047 950 4097 suevorum.
976 4049 1026 4109 Hi,
1052 4051 1084 4099 ed
1100 4056 1260 4113 conspectum
1276 4051 1356 4103 trium

799 4129 992 4189 liburnicarum,
1010 4143 1052 4179 eos
1068 4145 1116 4194 pro
1127 4131 1293 4194 praedonibus
1310 4132 1356 4182 he·
1455 4181 1462 4194 ,

207 4206 755 4275 Latinemnt:vel,adeetremumeoinopiee
801 4208 905 4267 bebent,
922 4213 1059 4273 praedones
1076 4224 1129 4260 esse
1145 4212 1279 4276 putebant:
1293 4226 1357 4278 ergo

207 4303 305 4350 cenae,
329 4289 383 4350 vel,
401 4304 429 4337 eo
445 4290 545 4356 impiae
560 4306 660 4354 uenere,
677 4300 705 4340 ut
721 4290 757 4341 ael
800 4293 916 4340 arcebunt
936 4291 1017 4342 litore.
1035 4293 1132 4343 Eodem
1149 4307 1201 4342 sors
1217 4291 1266 4342 fait
1282 4293 1308 4342 in
1327 4295 1359 4344 li·

208 4375 337 4417 cananum
364 4369 542 4432 infirmissimos
566 4388 676 4435 suorum,
701 4389 755 4423 moa
800 4378 855 4420 tore
878 4371 1025 4424 Frisiorum.
1052 4374 1145 4424 Ventis
1168 4374 1248 4424 meria
1269 4376 1363 4426 omnia

207 4455 273 4496 sorte
289 4447 374 4498 ductes
388 4462 550 4503 vescerentur.
801 4453 879 4514 secti,
906 4459 934 4504 ut
958 4455 1019 4505 oiim
1043 4455 1161 4519 Traiani,
1177 4456 1288 4521 hospitio
1303 4471 1362 4508 are·
