3134 5310
660 531 832 580 sericeas.
1277 519 1317 580 tt

165 704 372 780 consulatus,
404 701 457 768 cui
492 701 674 768 destinarat.
724 701 867 770 Credunt
889 700 1033 790 plerique
1056 701 1246 768 militaribus
1270 701 1316 767 ira·

165 811 269 901 geniis
305 806 511 872 subtilitatem
546 807 671 885 deesse,
708 809 783 896 quia
819 807 983 873 castrensis
1008 807 1181 872 iurisdictio
1205 829 1315 874 secura

165 927 200 982 et
235 914 379 980 obtusior
413 934 450 977 ac
477 913 569 1002 plura
592 935 689 977 mauu
714 933 809 1001 egeus
833 911 1037 978 calliditatem
1061 912 1121 977 lori
1144 935 1209 978 non
1229 935 1315 980 exer·

166 1033 249 1088 ceat.
297 1017 444 1108 Agricola
478 1018 616 1083 naturali
649 1017 834 1108 prudentia,
871 1017 1013 1106 quamtis
1048 1017 1131 1085 iuter
1166 1030 1311 1107 togatos,

169 1126 264 1192 laeile
294 1125 440 1212 iusteque
464 1123 586 1212 agebat.
635 1124 701 1188 lam
728 1144 799 1189 raro
822 1135 965 1212 tempora
987 1144 1136 1190 curarum
1161 1125 1317 1191 remissio·

169 1326 220 1378 que
245 1309 361 1376 splendor
377 1316 477 1360 tautum
493 1311 616 1374 cogitatur
633 1311 659 1360 iu
677 1310 720 1360 ed·
767 1309 877 1374 positum
910 1309 1078 1372 exprimatur,
1109 1311 1162 1362 eivs
1187 1316 1317 1379 cogitetur.

169 1392 364 1470 ministratione,
390 1393 434 1440 sed
455 1392 532 1440 edam
555 1393 582 1440 in
608 1394 662 1456 ipsa
685 1407 721 1442 re-
770 1389 872 1441 Sellnst.
890 1392 922 1440 B.
941 1391 1038 1454 Iugurt.
1052 1390 1318 1460 eLQuidipr'tureerr·

170 1476 264 1539 glana
288 1473 378 1522 tinibus
403 1473 575 1536 amplissimis,
600 1475 723 1537 rebusque
769 1477 826 1520 sest
855 1471 1028 1522 vindicandum
1052 1472 1078 1520 ia
1102 1487 1159 1535 eos,
1185 1476 1231 1540 qai
1254 1477 1319 1527 trosti

171 1556 231 1604 aliis
246 1555 383 1604 nobilitata.
394 1553 447 1604 Sed
462 1555 572 1618 dignitas
579 1555 723 1618 provinciae
766 1550 903 1617 prodidere
922 1551 1112 1618 rempublicam.-
1131 1571 1177 1604 uon
1192 1573 1264 1606 meaa
1281 1573 1320 1606 ne·

170 1635 407 1694 mummusmnie,
421 1635 552 1698 mleudida
564 1643 725 1700 quoqueerat
771 1647 818 1696 que
833 1633 866 1692 ui,
885 1633 951 1697 quod
965 1634 1044 1698 mapis
1055 1635 1167 1699 secisse,
1186 1639 1319 1702 quamiliis

169 1715 372 1782 speeoarulntus.
390 1715 485 1780 Si,qui
494 1717 647 1780 Aquitaniae
657 1731 724 1780 prae-
771 1712 893 1762 accidisse
917 1713 1055 1779 indipnuru;
1072 1731 1155 1766 aeram
1172 1721 1319 1782 quaestioni·

169 1798 284 1857 luissent
297 1798 727 1862 moredudumreeeptoaeperpetus
772 1794 816 1843 bus
840 1799 864 1843 et
880 1793 971 1844 indicio
987 1797 1069 1861 ipsius
1086 1795 1231 1864 Iupurtlrae.
1265 1801 1319 1852 Ubi

170 1880 300 1929 voluntate
317 1873 726 1929 Ceasasnmconsulstuornaren-
774 1874 873 1925 Cottius
897 1883 1023 1940 comparat
1049 1879 1172 1944 Pompon.
1197 1881 1230 1931 de
1247 1880 1319 1946 Orig.

168 1970 218 2021 tur,
224 1962 333 2025 dignitas
342 1961 554 2024 provinciaecerte
562 1961 727 2025 eratsplendi-
773 1957 855 2006 Iuris:
875 1954 952 2006 Initio
970 1959 1081 2009 ciuitatis
1097 1968 1197 2010 nostroe
1209 1961 1320 2026 populus

168 2041 727 2103 daSedundehoceoustatiQuisCaesartsn-
773 2037 825 2086 aine
850 2037 902 2102 lepe
926 2047 1009 2098 certa,
1035 2039 1087 2088 siae
1111 2040 1166 2089 iure
1183 2051 1250 2092 certo
1263 2044 1320 2107 pri·

169 2123 727 2188 tumbuicmoritribuit,utsoquasiecgsre-
773 2133 834 2166 mum
859 2133 934 2183 ogere
957 2119 1079 2179 instituit,
1104 2120 1232 2186 omniaque
1247 2137 1320 2174 mona

170 2213 213 2256 tau
227 2207 391 2256 decedentem
399 2205 580 2268 equuiteuia
587 2205 726 2267 praesidem

170 2287 253 2337 iacere
269 2287 416 2336 consulem?
435 2286 539 2334 Pressas
555 2287 582 2334 in
591 2286 725 2349 provinciis

170 2370 290 2418 manebat
315 2369 404 2417 saltem
428 2366 575 2417 triennium.
611 2367 723 2426 Mirum,

171 2450 333 2513 Agricolam,
359 2449 410 2498 iam
430 2449 496 2498 inter
513 2447 628 2510 patdcioa
646 2449 723 2497 adsci-

171 2539 243 2589 tum,
268 2537 294 2580 et
316 2537 369 2579 tam
394 2535 462 2578 carta
483 2529 612 2578 voluntate
630 2530 725 2592 Vespa·

174 2611 242 2661 siam
258 2613 407 2661 destinatum
420 2609 574 2667 consulatui,
583 2613 664 2659 totum
673 2609 724 2658 iere

167 2693 239 2748 ,illast
255 2693 390 2742 triennium
406 2692 561 2754 implevisse,
570 2692 638 2754 prius
648 2705 724 2755 quam

173 2779 332 2824 revocaretur
362 2775 395 2822 ad
424 2773 581 2821 consulatum
605 2773 724 2835 aecipien-

174 2857 245 2904 dum.
279 2856 336 2904 lam
352 2869 410 2918 spes
425 2851 579 2911 consulatus,
597 2852 725 2902 uixeium

174 2939 294 2987 demeum
309 2935 463 2999 Aquitaniae
478 2935 629 2998 provinciae,
637 2949 726 2997 parum

173 3018 301 3081 significat
320 3019 348 3066 iu
365 3029 408 3073 oo„
425 3016 468 3079 qui
484 3016 536 3064 iam
552 3021 616 3065 esset
633 3031 649 3063 a
665 3015 726 3064 Cae-

174 3111 232 3148 sare
257 3097 400 3146 destinatus.
436 3096 570 3156 Quomodo
595 3096 726 3160 Vespasia-

176 3193 229 3229 nus
253 3178 303 3226 dici
325 3183 403 3240 potest
424 3179 532 3227 eundem
547 3191 676 3226 revocasse
693 3175 729 3226 ad

177 3273 249 3324 spem
270 3256 425 3307 consulatus?
452 3259 594 3317 Glossator,
611 3265 684 3321 puto,
702 3265 726 3307 et

174 3342 219 3391 hic
245 3353 302 3389 auae
324 3346 406 3403 partes
428 3341 491 3404 egit,
508 3347 533 3390 et
551 3340 653 3389 Tacitus
670 3341 726 3388 sori·

175 3423 240 3487 peltz
256 3437 294 3470 ac·
305 3419 391 3470 deiude
407 3419 563 3484 Aquitaniae
576 3421 727 3485 praeposuit

176 3501 322 3568 splendidae
346 3501 476 3566 diprta'tata's
495 3501 648 3566 prouinciae.
671 3499 727 3549 Cre·

175 3585 238 3635 dunt
250 3584 367 3650 plerique
382 3589 429 3633 cet.
536 3590 541 3598 '

212 3663 373 3715 Militaribus
422 3663 526 3728 inperalia
567 3661 727 3712 subtilitatem

176 3747 270 3797 deesse.
302 3745 410 3807 Quintil.
428 3745 500 3794 Decl.
518 3759 598 3796 cccx.
622 3742 730 3793 Coracem:

177 3837 240 3878 runt
263 3826 378 3876 hominem
402 3825 547 3886 militarem,
573 3825 635 3874 nibil
650 3825 728 3874 miuus

178 3925 253 3975 quara
270 3908 354 3959 litibus
371 3907 488 3957 idoneum.

773 2213 790 2246 a
813 2198 1320 2264 repimspateraetorrur.tiloms1.1.

773 2277 865 2344 Itaque
888 2281 1043 2330 matrimonia
1061 2297 1077 2332 a
1088 2283 1206 2347 finitimis
1218 2285 1321 2352 petita:

772 2361 831 2426 qaia
857 2377 903 2410 nors
928 2364 1136 2428 impetrabantur,
1154 2381 1225 2415 manu
1243 2377 1321 2432 capta

771 2451 835 2492 sunt.
870 2444 1012 2494 Iurisdictio
1036 2447 1169 2496 mamantis
1196 2462 1248 2497 non
1273 2449 1321 2498 uti·

770 2531 811 2574 tur
827 2525 922 2583 verbis,
940 2526 984 2574 sed
996 2527 1240 2592 plerumqusmauu‚
1249 2530 1321 2594 plura

771 2608 823 2669 egit
844 2621 934 2666 mauu,
952 2621 1028 2670 quam
1044 2609 1134 2658 verbis.
1170 2611 1273 2661 Tacitus
1290 2614 1320 2661 si-

770 2689 824 2736 mul
845 2689 927 2751 tangit
943 2689 1106 2750 caussidicos,
1124 2699 1149 2742 et
1164 2695 1320 2744 cousuetudi-

770 2783 830 2820 nem
846 2769 894 2818 sori
909 2769 1013 2834 litign'oei
1029 2778 1054 2822 et
1070 2773 1181 2823 clamosi.

805 2849 894 2899 Facile
915 2851 1028 2915 iusteque
1044 2855 1141 2917 agebat.
1161 2855 1322 2921 Quamquam

771 2931 893 2996 Agricola
918 2948 969 2982 nou
992 2936 1144 2986 exercuisset
1160 2937 1321 2988 calliditatem

772 3013 832 3073 fori,
854 3020 939 3062 tamen
956 3014 1030 3063 facile
1047 3015 1159 3079 iusteque
1176 3019 1264 3080 egebat
1275 3020 1321 3082 fo·

771 3109 833 3143 rum.
868 3094 1011 3143 Iuriedictio
1033 3096 1100 3144 illius
1118 3112 1168 3146 nou
1186 3103 1239 3146 erat
1255 3099 1322 3147 simi-

771 3176 803 3225 lis
833 3175 949 3234 militari,
976 3177 1019 3225 sed
1044 3177 1121 3228 cirili.
1155 3179 1238 3229 Notae
1263 3187 1322 3230 aaut

772 3257 907 3316 formulae,
918 3258 955 3306 de
968 3257 1122 3321 praesidibus
1138 3261 1323 3324 provinciarum

772 3344 909 3388 conventus
927 3343 952 3388 et
968 3339 1051 3388 torum
1067 3343 1206 3404 egentibus.
1233 3342 1322 3393 Cicero

773 3422 853 3484 Epist.
879 3422 912 3469 ed
936 3421 1029 3469 Famil.
1056 3421 1111 3470 III.
1129 3427 1153 3471 6.
1172 3420 1223 3476 Qui
1240 3430 1263 3470 te
1275 3425 1321 3487 so-

773 3517 826 3550 rum
847 3499 925 3549 Tarsi
941 3515 1028 3564 opere,
1046 3509 1156 3551 statuere
1173 3501 1263 3564 multa,
1281 3503 1321 3552 de·

773 3597 886 3641 ceram,
912 3579 1024 3630 iudicare
1041 3581 1158 3634 dicerent.
1177 3585 1277 3649 Vulgo,
1294 3587 1322 3635 nl

773 3667 860 3726 fallor,
886 3666 1081 3729 interpretantur
1100 3665 1187 3730 facile
1212 3665 1324 3732 iusteque

774 3749 876 3813 tepebat,
902 3754 955 3796 erat
980 3747 1060 3798 facilis
1085 3755 1109 3797 et
1125 3749 1212 3798 iustus.
1247 3751 1323 3800 Iuris·

774 3831 849 3880 dictio
880 3829 1009 3890 militaris,
1039 3829 1112 3893 plura
1135 3845 1206 3878 manu
1232 3845 1323 3894 aperte,

775 3913 861 3961 suadet
885 3918 913 3960 ut
941 3911 983 3960 hic
1012 3910 1038 3958 in
1070 3910 1159 3974 agebat
1187 3911 1324 3973 cogitemus

213 3988 299 4038 Plura
319 4005 391 4038 maru
409 4004 491 4053 opens.
528 3988 729 4053 significationes
768 3994 867 4058 sorum.

177 4071 302 4122 termulae
326 4077 496 4134 exposuerunt
508 4070 605 4120 Duker.
622 4073 655 4120 ed
671 4070 729 4120 Flo·

176 4169 237 4204 rum
262 4154 285 4202 Ι.
311 4167 330 4202 1.
358 4152 426 4202 (lert.
450 4153 483 4201 ed
500 4151 602 4202 Sallust.
620 4153 653 4202 B.
671 4153 728 4216 Iug.

179 4241 204 4286 5.
237 4241 261 4285 et
287 4236 383 4284 Lucan.
411 4235 463 4283 IV.
490 4239 546 4283 535.
573 4235 631 4294 Est,
656 4241 729 4298 puto,

177 4318 304 4382 quaedem
329 4317 491 4379 significatio,
516 4314 575 4364 huic
590 4315 646 4364 loco
662 4328 730 4379 prae·

179 4400 268 4449 sertim
293 4405 365 4462 apta,
382 4413 460 4462 quum
476 4411 549 4446 manu
565 4413 640 4462 opere
655 4397 731 4448 habet

178 4481 323 4550 oppositum
339 4480 419 4530 uerbis
436 4495 523 4545 apere,
541 4479 593 4529 sive
611 4479 673 4530 illud
690 4495 730 4543 op·

814 4073 949 4123 Conventus
973 4087 1004 4121 ac
1028 4069 1130 4121 iudicia.
1157 4072 1216 4121 Non
1234 4073 1325 4124 frustra

776 4157 871 4206 utdidir
895 4154 996 4204 iudicio.
1032 4155 1100 4202 Nam
1116 4153 1143 4202 in
1160 4157 1324 4206 conventibus

776 4238 826 4286 alia
840 4251 939 4300 quoque
955 4236 1056 4298 negotia
1072 4236 1248 4284 tractabantur.

810 4315 846 4365 Et
871 4316 972 4382 saepius
994 4315 1139 4364 misericors.
1157 4315 1265 4366 Wexius
1282 4331 1324 4368 ex·

775 4398 889 4462 plicavit,
911 4411 955 4446 cur
977 4397 1039 4445 baec
1056 4398 1139 4460 spuria
1154 4411 1207 4448 esse
1225 4400 1324 4450 arbitre-

777 4486 824 4530 tur.
861 4479 916 4544 ligo
933 4479 971 4530 illi
988 4479 1115 4529 assentior.
