3130 5308
252 518 314 580 142
694 529 848 578 consaan
874 529 980 576 raeiri

243 702 336 770 eetria
362 698 489 766 missilia
513 709 694 766 nostrorum
714 700 812 766 vitare
833 696 882 762 rel
905 709 1070 771 exentera,
1107 707 1203 786 atque
1237 699 1296 787 ipsi
1316 723 1392 768 rna-

241 829 338 895 gnam
366 804 430 869 rim
453 803 590 868 telorum
610 800 856 892 superfundere.
891 799 993 870 donea
1022 799 1168 890 Agricola
1195 802 1389 874 batavorum

240 910 384 978 cobortes
413 929 450 973 ae
475 907 675 995 Tungrorum
698 905 777 974 duas
801 905 981 972 eohortatus
1003 916 1070 985 est,
1104 917 1140 972 ut
1162 929 1229 974 rsus
1253 905 1292 972 ad
1310 929 1390 974 mu·

239 1037 349 1082 arenas
370 1035 409 1078 ae
431 1033 546 1080 manus
564 1011 780 1091 adducerent3
815 1008 900 1098 quod
924 1021 955 1078 et
979 1009 1052 1097 ipsis
1076 1011 1391 1084 uetustatemilitiae

237 1121 441 1186 exercitatum
476 1128 508 1182 et
551 1115 693 1183 hostibus
728 1114 888 1192 inhabile,
925 1134 1020 1202 parra
1055 1127 1144 1179 scuta
1182 1126 1214 1180 et
1240 1136 1390 1180 enormes

238 1222 358 1315 gladios
393 1219 586 1310 gerentibus.
636 1218 719 1286 Nam
749 1219 973 1284 Britannorum
1004 1217 1101 1306 gladii
1131 1221 1198 1284 sine
1231 1241 1392 1284 muerone

237 1439 311 1492 sociis
334 1438 386 1489 tata
409 1433 605 1502 superfundant:
637 1435 687 1486 alia
708 1440 792 1486 autam
837 1435 927 1494 dores,
949 1435 1017 1501 qnod
1038 1445 1111 1500 saepe
1134 1433 1162 1486 iu
1182 1433 1281 1500 proeliis
1296 1432 1388 1486 fiebat.

236 1519 342 1572 mnata
359 1531 411 1568 non
427 1517 531 1576 leviter,
547 1517 790 1580 aadpenitnsoorpo·
836 1515 937 1567 Curtius
955 1515 1006 1566 VI.
1022 1519 1044 1569 l·
1077 1511 1190 1580 Undique
1204 1529 1265 1566 nnnc
1278 1511 1389 1562 condona

235 1601 305 1652 ribus
323 1599 405 1650 infixa
418 1597 563 1655 inhaereut;
580 1610 624 1655 aa,
641 1597 728 1648 duan
743 1602 790 1648 sta·
835 1612 897 1647 nana
923 1593 1013 1646 ominus
1034 1595 1183 1658 patebatur:
1208 1592 1296 1661 diuum
1311 1609 1389 1648 ortua

236 1681 283 1732 tim
310 1684 370 1732 aunt
394 1677 493 1738 letalia,
516 1677 618 1728 nutiles
639 1683 725 1730 tamen
746 1691 790 1744 pu·
836 1675 1010 1744 circumferens
1035 1673 1088 1726 alio
1113 1673 1163 1726 talo
1182 1673 1267 1740 clypeo
1280 1673 1388 1742 excipia-

235 1760 339 1824 gnando
346 1757 456 1818 ladam,
472 1770 554 1824 nequa
563 1757 733 1819 mestissima,
746 1758 790 1808 aed
836 1757 891 1816 tot,
902 1754 1174 1824 corporoaliooitotot.
1188 1755 1307 1810 Wexiuss
1322 1755 1387 1808 »Vi-

236 1839 414 1900 eatratsaatar,
431 1836 581 1900 moliantur,
597 1836 728 1890 saltantur.
746 1837 791 1888 Ad
835 1839 922 1890 tabant
936 1842 1024 1896 muto,
1041 1835 1202 1888 excutiebant
1217 1835 1309 1900 gladio.
1335 1833 1388 1888 Co

236 1933 293 1973 earn
307 1933 375 1980 ram,
401 1918 454 1970 aiva
470 1919 518 1984 ipsi
535 1919 682 1980 exuebant,
707 1919 761 1970 sive
775 1933 791 1970 a
835 1918 967 1982 giundum
979 1917 1056 1982 igitur
1072 1921 1123 1976 est.
1140 1917 1241 1970 sionim
1254 1931 1331 1968 mana
1339 1930 1388 1970 uos

235 1999 308 2050 sociis
325 1999 581 2062 examinabantur,
604 2011 667 2063 opus
684 2005 722 2048 eat
737 2013 790 2050 aaa
834 1998 948 2066 gladium
969 1997 1092 2060 teanum,
1117 2011 1133 2050 a
1156 1997 1257 2050 annno
1281 1997 1388 2051 brachio

235 2080 338 2134 stantia.
361 2081 549 2147 Epaminondas
573 2081 639 2146 apud
655 2079 747 2146 Nepet.
766 2081 789 2128 9.
837 2085 934 2132 sontum
949 2078 1109 2145 pependisse,
1133 2091 1185 2144 qno
1200 2077 1305 2132 missilia
1319 2077 1387 2132 rita·

236 2168 366 2225 moenam
382 2160 538 2212 mortiferum
558 2161 665 2212 uulnus:
679 2159 790 2212 manaa
836 2166 907 2220 rent,
932 2161 1021 2214 dextra
1045 2165 1130 2212 autem
1151 2172 1229 2211 manu
1250 2158 1316 2222 inaoa
1332 2158 1388 2212 tela

235 2243 360 2302 radebat,
376 2240 399 2290 ai
411 2241 520 2302 farrum,
537 2242 605 2307 qnod
618 2255 652 2292 ox
664 2241 750 2290 hastili
760 2240 788 2291 in
836 2239 975 2292 emisisse.''

238 2335 340 2386 norpma
362 2328 530 2383 remanserat,
556 2319 721 2380 extraxisset,
738 2321 789 2372 ani·
867 2318 1024 2372 Batavorum
1045 2319 1156 2370 cohortes
1178 2335 1210 2370 ao
1229 2317 1386 2385 Pentrorum

238 2417 306 2454 mam
321 2415 349 2456 sa
364 2401 450 2454 statim
465 2402 628 2461 emissurum
643 2402 719 2468 igitur
735 2406 790 2452 turn
835 2399 907 2452 duaa.
929 2401 971 2454 Sia
987 2401 1072 2456 Vatia
1090 2400 1189 2454 Puteal.
1206 2414 1255 2464 per
1271 2395 1385 2452 Bateno-

238 2484 342 2534 demum
358 2483 484 2543 extraxit,
501 2497 579 2548 quum
600 2483 624 2534 ei
646 2481 789 2534 nuntiatum
835 2497 901 2541 ram,
926 2482 993 2534 unda
1019 2481 1156 2534 Rhenanus
1182 2488 1242 2532 tras.
1266 2481 1385 2534 Kritaina

239 2569 317 2622 asset,
335 2562 454 2614 Boeotios
475 2564 574 2614 vicisse.
591 2563 651 2616 Non
665 2569 725 2630 puto
741 2562 790 2614 hoo
835 2563 953 2628 intelligit
974 2577 1063 2616 omnaa
1083 2563 1238 2618 Batavorum
1254 2562 1386 2622 eohortaa,

239 2641 371 2694 moratas
394 2643 458 2695 bena
484 2643 577 2696 Latina
602 2643 652 2696 diei
669 2652 790 2696 camatero.
837 2645 998 2709 Uangionum
1010 2650 1110 2696 tautum
1125 2642 1197 2696 duaa.
1214 2641 1281 2695 Mihi
1294 2654 1386 2693 numa·

238 2723 356 2774 Fortasse
377 2721 480 2774 Tacitus
502 2723 614 2789 scapeia:
644 2721 735 2773 Vitare
751 2723 791 2774 ool
834 2739 877 2776 rua
899 2726 926 2778 in
949 2740 980 2774 aa
1001 2724 1079 2778 latare
1100 2724 1210 2782 duam,
1235 2729 1386 2786 surruptum

240 2802 361 2869 campora.
387 2801 568 2858 Aliimisailia
589 2804 788 2866 missitabant,
835 2820 869 2858 aa
885 2806 936 2858 IV.
965 2803 1122 2856 Batavorum
1135 2803 1246 2856 notorias
1263 2811 1384 2866 quotuor,

240 2884 339 2936 ominus
354 2883 382 2934 in
403 2897 431 2934 se
453 2884 530 2936 missa
546 2883 788 2945 animadvertentes,
838 2883 992 2951 Toueroram
1017 2884 1089 2938 duaa·
1128 2885 1256 2940 Particula
1277 2884 1385 2940 matun·

239 2965 316 3022 satan
330 2971 356 3018 et
372 2974 430 3032 apto
444 2965 555 3030 corporis
570 2965 640 3017 flexu
657 2965 705 3017 tibi
718 2979 789 3017 aare·
834 2967 901 3016 etita
916 2967 1006 3016 melius
1023 2965 1156 3017 omittitur.

239 3048 314 3107 bant;
330 3047 375 3098 atti
386 3047 494 3098 masilia
507 3060 540 3098 ne
553 3045 790 3112 levnnmoquttam
867 3045 958 3098 Parvo
978 3055 1050 3100 scota
1066 3054 1090 3098 et
1106 3061 1212 3098 enarrans
1227 3045 1326 3112 alodios
1341 3061 1385 3111 90·

239 3134 311 3179 motu
334 3129 414 3178 vitare
439 3128 606 3186 conabantur,
632 3127 676 3176 sed
696 3141 790 3192 magna
834 3127 951 3181 rentibus.
968 3127 1076 3180 Wexiua
1091 3127 1166 3187 haec,
1183 3127 1255 3180 unm
1271 3127 1385 3187 inclusa.

239 3208 380 3258 mnatautia
396 3221 469 3258 auum
484 3208 589 3271 quiaque
604 3206 688 3256 locum
702 3213 726 3255 at
741 3212 789 3258 sta·
834 3208 941 3261 delenda
969 3208 1071 3260 indicat.
1106 3209 1231 3271 Mutuom
1260 3208 1383 3267 arbitror,

239 3295 295 3338 tum
316 3287 431 3346 tenebat,
453 3297 582 3348 exponens
597 3297 625 3336 aa
638 3285 786 3346 misaihbua,
835 3303 865 3342 ea
877 3294 930 3340 tam
943 3294 1027 3354 aptam
1035 3287 1185 3342 senteutiam
1196 3288 1238 3342 hio
1247 3288 1384 3356 praetera,

241 3381 320 3434 eaque
335 3366 421 3420 animo
436 3366 561 3432 intrepido
578 3364 709 3433 excipiam.
725 3365 788 3418 Mia-
833 3382 910 3434 qaam
929 3383 1005 3436 supra
1027 3367 1163 3432 innantibus
1182 3365 1273 3436 alodiis
1286 3374 1311 3420 ot
1327 3367 1383 3422 br*

240 3451 297 3502 tilia
318 3447 431 3516 πείρετε
453 3455 491 3500 est
514 3444 721 3498 adversatione
747 3459 788 3500 aa·
833 3447 902 3500 vitus
918 3449 993 3502 catria
1008 3450 1130 3517 ineptam.

239 3531 336 3582 aientia
348 3545 400 3581 non
413 3530 514 3593 sugere,
530 3528 637 3580 vulnma
650 3528 788 3580 exilaori·
866 3528 936 3580 Nam
956 3528 1137 3583 Britannorum
1160 3527 1241 3600 alodii
1262 3528 1315 3580 aino
1330 3543 1385 3582 mu·

239 3618 297 3660 tura
317 3624 369 3659 non
394 3611 491 3659 timere.
517 3609 600 3662 Notae
621 3617 680 3662 sunt
696 3609 787 3662 tornsu-
833 3625 905 3662 otono
929 3609 1076 3676 empnam
1098 3626 1220 3664 armorum
1241 3617 1265 3660 at
1280 3609 1307 3662 ia
1322 3617 1382 3660 arto

238 3691 280 3742 laa
295 3689 408 3756 inmetata
423 3688 526 3740 matiam
541 3689 671 3757 excipere,
689 3690 788 3742 etillud
830 3705 939 3755 pannum
960 3706 1006 3742 non
1028 3689 1174 3744 tolerabant.
1199 3689 1297 3743 caneto
1313 3689 1384 3742 milti

237 3772 321 3837 ἐμω
331 3767 435 3820 uolnera
447 3768 575 3834 eadam,
591 3783 666 3836 saepo
679 3785 696 3820 a
712 3769 787 3822 libro
833 3776 946 3838 snspeeta
959 3771 1085 3826 videntur.
1113 3770 1311 3831 Antaeadanttm
1328 3783 1382 3826 ora·

237 3853 283 3905 riis
295 3855 420 3904 musam
432 3849 459 3900 in
477 3848 600 3916 naubare.
617 3849 649 3900 ci
668 3850 703 3899 A.
725 3847 787 3902 Gro·
832 3853 878 3911 do,
894 3867 994 3916 prorsus
1012 3854 1151 3918 auffiaiunt,
1175 3859 1204 3904 ut
1220 3853 1382 3914 ostendatur,

238 3949 298 3986 nor.
316 3933 350 3984 ad
371 3932 462 3984 lustin
487 3929 626 3990 XXXIII,
653 3935 677 3982 t.
710 3931 742 3984 In
757 3944 787 3984 ao
831 3947 909 3998 quam
920 3933 1058 4000 neminisse
1076 3941 1140 3986 asset
1155 3933 1213 3986 talia
1226 3947 1311 4000 paguo
1323 3932 1382 3988 Bri·

235 4016 287 4068 hoe
301 4014 435 4066 monimen
452 4026 506 4066 esse
522 4012 634 4073 videtur,
657 4011 726 4066 utin
746 4027 786 4064 oo·
831 4013 929 4078 mnia,
951 4030 1036 4083 paron
1052 4023 1140 4076 santa,
1165 4023 1189 4065 at
1204 4029 1310 4068 amanus
1324 4013 1381 4080 yla-

236 4094 350 4162 cipiendo
366 4095 471 4148 onlnem
488 4108 539 4146 non
557 4106 655 4156 semper
671 4098 785 4146 constan-
832 4091 885 4145 dios
900 4097 1047 4160 yeremtbua
1062 4096 1096 4150 Iu
1108 4111 1205 4164 pugna,
1228 4095 1273 4148 ubi
1287 4109 1382 4148 manna

237 4179 273 4230 tia
289 4183 417 4240 nomana,
435 4177 462 4228 in
477 4173 619 4242 excipiendo
626 4175 783 4243 planumque:
831 4182 1007 4238 musmuntur,
1024 4191 1068 4242 pes
1080 4177 1156 4244 pade,
1173 4177 1213 4228 ria
1226 4175 1381 4228 riaoaohao·

237 4271 297 4322 engo
317 4258 398 4310 Tacit.
417 4256 503 4324 tigria.
521 4261 562 4306 45.
586 4254 703 4308 Coastosn
718 4263 742 4308 et
756 4255 783 4308 ii·
828 4262 879 4315 ret,
896 4257 967 4308 nulla
983 4263 1020 4308 eat
1033 4258 1128 4312 utilitas
1143 4258 1171 4308 in
1188 4257 1272 4324 pmvia
1288 4256 1381 4315 matta,

238 4337 293 4386 tana
312 4339 402 4403 sotum
426 4335 690 4406 suessionensium
706 4339 733 4391 iu
749 4335 783 4388 oi
829 4336 901 4390 nulla
918 4337 1100 4394 manumittas
1116 4339 1214 4404 gladiis.
1249 4336 1319 4390 Nom
1340 4351 1381 4388 ao·

238 4417 311 4470 tando
327 4421 431 4474 musitio
444 4421 582 4481 iaciebant,
600 4423 717 4478 Britanni
727 4435 782 4477 aau-
828 4419 903 4472 lenna
925 4420 1026 4472 initium
1049 4427 1085 4474 ast
1107 4420 1218 4484 aleam,
1231 4417 1382 4470 ’Britanno-
