3130 5308
591 561 594 566 ¹
652 552 832 602 searcots.
1260 545 1321 606 117

218 721 325 790 XXX.
364 719 493 806 Quoties
529 741 653 786 caussas
687 721 763 787 belli
797 736 830 791 et
861 721 1081 789 necessitatem
1104 733 1246 788 nostram
1268 724 1320 790 in·

169 841 291 907 tueor,
314 848 448 916 magnus
471 825 551 891 mihi
579 826 702 892 animus
725 839 771 893 est
794 827 984 896 hodiernum
1007 825 1093 894 diem
1115 849 1322 896 consensum·

173 957 241 1022 que
275 944 414 998 restrum
449 931 576 997 initium
614 931 767 999 libertatis
793 934 854 1001 toti
876 932 1058 1000 Britanniae
1081 933 1160 1002 fore.
1186 933 1268 1002 Nam
1291 947 1323 1002 et

171 1038 313 1105 universi
348 1036 506 1102 servitutis
540 1049 700 1126 expertes,
735 1049 767 1104 et
801 1037 909 1104 nullae
942 1038 1026 1104 ultra
1060 1050 1184 1120 terrae,
1222 1062 1259 1106 ac
1282 1061 1323 1106 ne

172 1165 264 1210 mare
297 1141 427 1231 quidem
470 1163 639 1221 securum,
675 1143 861 1210 imminente
907 1142 997 1208 nobis
1033 1143 1130 1210 classe
1165 1145 1321 1212 Romana.

172 1249 224 1314 lta
249 1248 407 1338 proelium
431 1260 526 1337 atque
550 1270 657 1328 arma,
682 1271 764 1339 quae
781 1249 915 1316 fortibus
936 1248 1212 1330 honesta,eadem
1226 1249 1323 1316 etiam

172 1355 297 1444 ignaris
319 1353 476 1420 tutissima
496 1365 580 1420 sunt.
606 1354 727 1422 Priores
750 1377 896 1445 pugnae,
916 1353 1322 1444 quibusadrersuslloms·

173 1597 279 1650 Horror
303 1599 408 1650 animum
433 1600 512 1662 subit,
537 1601 633 1665 quoties
648 1617 728 1651 reeor-
772 1609 879 1652 ammam
903 1600 1001 1652 initium
1017 1599 1138 1651 libertatis
1156 1600 1202 1650 toti
1217 1596 1324 1650 Britan·

173 1681 222 1730 dor
241 1679 355 1745 ser-abin
378 1679 503 1732 introitum
527 1691 552 1731 et
574 1683 636 1734 banc
651 1683 729 1733 samen
773 1683 830 1732 niae
848 1684 951 1748 faeere
975 1681 1117 1732 Droukius:
1144 1682 1181 1732 ui.
1207 1695 1229 1732 e.
1251 1695 1323 1746 spen

176 1760 275 1812 Galbae
299 1761 439 1822 uictoriam,
458 1777 509 1812 eam
525 1761 550 1812 in
566 1762 644 1814 aetolis
658 1766 728 1815 urbis
772 1778 833 1812 nam
867 1763 944 1814 etiam
976 1763 1039 1815 haec
1062 1763 1224 1827 estquidam
1246 1762 1325 1812 ammi

174 1841 514 1894 deeumarideditcsiuberet.
533 1844 727 1906 Quomodooum
773 1844 884 1894 affectus.
910 1845 1006 1905 Locus,
1023 1857 1099 1909 quem
1115 1843 1226 1893 Baebius
1239 1844 1323 1894 lauda·

173 1923 272 1988 quoties
296 1923 393 1973 intueor
417 1925 536 1988 coniungi
560 1928 656 1990 possint
679 1944 728 1976 ma·
771 1926 810 1975 vit
832 1939 865 1974 ex
883 1923 986 1975 Sallust.
1006 1923 1083 1975 Catil.
1101 1929 1143 1983 40,
1160 1923 1274 1974 adhunc
1290 1925 1323 1973 si·

171 2021 237 2070 pnus
261 2004 322 2054 milri
346 2006 441 2055 animus
458 2015 496 2055 est
507 2006 648 2057 hodiernum
664 2009 727 2058 diem
772 2007 960 2071 gnificationern
983 2005 1202 2076 demonstrandam
1218 2019 1270 2054 non
1286 2011 1324 2054 est

165 2087 245 2152 sare,
270 2101 324 2136 non
348 2086 470 2151 intelligo.
496 2087 588 2148 Ratio,
605 2089 727 2152 exemplis
772 2095 852 2152 aptus.
876 2087 1001 2153 Equidem
1023 2087 1123 2137 nubum
1140 2087 1219 2136 alium
1235 2084 1322 2136 novi.”

171 2168 333 2227 confirmata,
344 2169 461 2232 postulat:
471 2166 727 2224 Quumaaussasbslli
772 2169 893 2221 Wexiutz
912 2169 949 2220 si.
968 2184 990 2220 e.
1007 2166 1113 2231 confido.
1130 2168 1229 2219 Eodem
1245 2168 1321 2218 modo

173 2257 200 2298 et
224 2250 394 2299 necessitatem
420 2258 528 2300 nostram
550 2251 653 2300 intuear.
672 2250 725 2301 Sal-
772 2251 894 2302 Graecam
917 2265 1005 2301 vocem
1030 2247 1127 2316 θαῤῥῶ
1155 2249 1261 2300 subinde
1283 2263 1321 2298 su·

170 2331 231 2380 lust.
248 2330 324 2381 Catil.
342 2335 382 2381 58.
405 2329 463 2380 &sm
478 2347 521 2380 uos
537 2330 725 2391 considero,mi·
771 2347 861 2398 spensa
890 2333 1029 2384 enuntiatio
1054 2331 1174 2397 excipit.''
1200 2330 1230 2381 Si
1252 2331 1323 2380 loeus

170 2411 244 2472 lites,
270 2419 296 2461 et
320 2427 374 2461 cum
393 2413 475 2478 saeta
499 2422 582 2462 sesua
599 2422 724 2474 metusne,
772 2413 899 2466 Ciceronis
925 2415 1005 2478 Epist.
1031 2415 1063 2464 ad
1090 2413 1123 2473 Q.
1148 2411 1230 2462 Fretr.
1248 2412 1271 2460 I.
1289 2424 1320 2460 11.

170 2508 262 2558 empna
277 2508 314 2541 me
330 2508 389 2558 spes
403 2492 724 2556 uictoriaetenet.Animar,
771 2500 795 2544 5.
820 2501 884 2544 essct
909 2496 1031 2553 sincerus,
1057 2494 1150 2543 frenet
1166 2492 1321 2557 aliquantum

170 2583 256 2635 aetas,
281 2575 362 2624 uirtus
387 2573 634 2631 vestra‘bortantum
648 2590 724 2640 prae·
770 2577 802 2626 ad
818 2576 1039 2639 significationem,
1056 2589 1120 2640 quae
1136 2575 1164 2623 in
1181 2571 1320 2621 animasse-

170 2663 241 2704 terea
266 2653 439 2716 necessitudo,
457 2671 521 2718 quae
537 2655 611 2705 etiam
628 2654 725 2704 timidos
768 2656 888 2720 quiritur,
904 2656 1115 2706 confirmandam:
1134 2653 1257 2718 Equidem
1270 2668 1322 2703 cum

162 2737 254 2802 sortes
265 2734 348 2802 facit.
366 2736 440 2785 Idem
454 2741 497 2786 52.
512 2733 724 2802 Lanpemilu'alia
769 2753 812 2803 spe
836 2753 889 2787 sum
913 2737 1032 2798 mamma,
1059 2746 1108 2788 tum
1133 2736 1226 2786 maiore
1248 2734 1322 2784 etiam

169 2833 237 2866 niens
265 2826 316 2876 est,
342 2814 377 2867 P.
398 2814 424 2866 0.
442 2833 495 2866 aum
510 2833 551 2867 res
567 2827 642 2882 atque
655 2819 724 2884 peri·
769 2819 849 2870 animo
867 2819 966 2884 [spero]
979 2817 1119 2885 superiores
1131 2816 1323 2883 forenos[eon-

170 2897 230 2948 cula
254 2907 340 2947 nostra
366 2897 506 2959 considero,
524 2907 548 2948 et
564 2915 617 2948 cum
633 2908 724 2949 senten·
764 2900 821 2962 fido
846 2901 939 2964 animo]
964 2908 993 2949 ut
1017 2901 1043 2950 in
1067 2899 1114 2948 liae
1137 2897 1266 2964 republica
1291 2911 1320 2946 nc

170 2979 223 3030 tias
248 2978 416 3029 nonnullorum
440 2995 530 3029 meeum
554 2989 651 3045 reputo.
669 2980 724 3031 Sal·
770 2997 852 3031 casum
870 2980 966 3044 quidem
980 2979 1055 3030 ullum
1060 2979 1242 3044 pertimescam.
1252 2977 1322 3032 Orcl-

169 3061 263 3110 laetius
279 3066 369 3110 neuuo
379 3061 440 3110 'loeo
456 3060 562 3111 dixisset
576 3061 671 3125 quaties
678 3077 724 3125 pro
769 3064 818 3112 lius
834 3062 893 3121 ista,
911 3067 1011 3110 auctore
1026 3060 1136 3119 Ursino,
1153 3057 1261 3108 seclusit.
1276 3055 1322 3106 So·

171 3157 236 3191 cum.
261 3140 366 3192 Servata
396 3143 504 3206 quoties,
529 3148 624 3203 cetera,
646 3149 723 3206 puto,
768 3143 814 3192 lita
845 3143 948 3206 quidam
981 3139 1109 3191 Ciceronis
1138 3138 1246 3189 formula
1270 3144 1321 3188 ests

172 3223 211 3273 sie
228 3228 300 3272 erant
315 3223 421 3274 Latina:
440 3223 535 3287 quoties
552 3239 654 3272 caussas
668 3223 725 3273 belli
771 3220 893 3286 Equidem
919 3237 971 3272 aum
992 3239 1036 3289 spe
1060 3237 1111 3271 sum
1127 3221 1247 3281 marinio,
1273 3228 1322 3270 tum

171 3312 198 3354 et
223 3302 390 3353 necessitatem
405 3313 514 3354 nostram
531 3306 657 3366 intuebar,
675 3321 724 3354 ma·
770 3305 912 3370 superiores
940 3306 1005 3370 sore
1038 3301 1083 3354 'nos
1106 3301 1218 3366 confido‚·
1244 3309 1272 3352 ut
1296 3301 1323 3350 in

170 3402 235 3452 prius
251 3384 312 3434 mibi
330 3386 425 3435 animus
451 3395 519 3445 erat,
537 3401 725 3436 consensumve·
770 3385 816 3436 buc
840 3385 968 3452 republica
984 3401 1013 3434 ne
1030 3401 1112 3434 aarum
1130 3383 1227 3448 quidem
1245 3381 1322 3431 ullum

171 3476 264 3528 strum,
290 3475 318 3517 ut
340 3467 451 3516 hodierni
475 3467 525 3516 diei
541 3483 578 3530 sq.
596 3469 662 3517 Nam
678 3482 725 3518 nec
766 3467 947 3530 pertimescam.
974 3466 1063 3517 Cicero
1080 3465 1177 3528 scripsit
1191 3465 1217 3512 in
1234 3464 1323 3513 eedem

172 3548 304 3598 hodiernus
328 3547 382 3597 dies
405 3565 463 3598 eum
480 3549 575 3612 quaties
590 3549 724 3607 contenit,
770 3548 889 3610 epistola:
909 3544 994 3601 Quare
1010 3561 1120 3610 maynum
1139 3546 1192 3610 fac
1218 3544 1323 3596 animum

171 3630 223 3680 nisi
246 3631 408 3692 interpretare
432 3630 499 3679 diem
523 3631 603 3694 qualis
628 3630 724 3679 astho
770 3628 874 3688 labeas,
891 3635 916 3676 et
931 3629 1097 3693 epembanam.
1116 3626 1202 3693 Atque
1217 3628 1254 3677 ita
1269 3643 1324 3693 spa·

171 3712 287 3771 diemus,
308 3711 378 3760 testis
394 3712 471 3760 vestri
486 3726 632 3770 consensum
650 3725 726 3776 quam
770 3724 828 3759 rare
844 3716 869 3760 et
879 3709 1004 3773 confidere
1013 3724 1086 3774 saepe
1094 3709 1289 3773 coniunguntur.

173 3793 384 3857 significationem
399 3778 484 3843 tame'n
502 3808 535 3844 ex
551 3793 634 3844 verbis
651 3807 725 3856 aegre
806 3789 872 3847 Quia
896 3791 1040 3842 nobilissimi
1051 3793 1137 3864 {totius
1153 3788 1322 3849 Britanniae,

171 3893 255 3942 cogas.
265 3877 389 3940 Calgacus
396 3881 475 3935 certe,
485 3875 582 3939 quoties
591 3875 651 3935 iste,
660 3890 724 3938 quae
770 3890 845 3938 eoque
862 3875 887 3924 in
904 3874 968 3940 ipsis
981 3873 1153 3940 penetralibus
1170 3871 1221 3922 siti.
1243 3871 1321 3920 Erne-

171 3959 245 4018 dioit,
263 3959 419 4017 intuebatur,
436 3956 725 4006 diembodiernumuullo
770 3963 821 4005 stus
838 3970 890 4004 non
906 3956 986 4014 videt,
1003 3955 1129 4019 quomodo
1144 3953 1323 4000 bseccuman·

172 4041 248 4090 modo
264 4040 406 4104 praesagire
422 4045 527 4103 poterat.
770 4038 939 4088 recedentibus
971 4035 1136 4092 cohaereant,
1171 4038 1196 4082 et
1221 4030 1322 4080 coniicit

207 4121 319 4186 Mapnus
334 4120 393 4170 milri
409 4121 558 4184 animasset.
577 4119 725 4184 significare
770 4132 815 4182 pro
824 4116 967 4167 nobilissimi
974 4117 1110 4180 legendum
1118 4127 1171 4164 esse
1180 4109 1303 4161 nouissimi
1311 4131 1322 4167 ,-

172 4209 284 4268 oportet,
302 4217 390 4266 mapna
406 4201 465 4251 mibi
480 4217 538 4266 spes
555 4209 606 4260 est,
624 4217 656 4251 an
671 4216 725 4266 pos·
771 4199 813 4248 alii
830 4199 943 4248 tribuunt
959 4197 1091 4246 iactantiae
1108 4191 1322 4255 hominum,qui,

174 4286 208 4334 sit
224 4291 253 4333 ut
270 4284 312 4332 hic
328 4284 429 4346 legitur,
438 4284 535 4332 dubito.
553 4279 725 4332 Minueoffen·
771 4281 837 4342 quad
862 4277 1005 4328 nobilissimi
1022 4279 1086 4338 sint,
1103 4275 1237 4341 perhibent
1253 4287 1279 4322 se
1295 4273 1322 4322 in

172 4368 260 4426 darer,
287 4367 308 4414 si
324 4367 463 4430 legeretur:
481 4381 582 4430 ruspans
599 4363 657 4414 milii
673 4365 725 4413 ani·
770 4361 936 4424 penetralibus
961 4361 1069 4418 insulae,
1092 4358 1163 4422 quasi
1182 4352 1322 4420 resupinos

172 4464 224 4497 mus
242 4455 293 4508 est,
312 4447 451 4498 hodiernum
469 4447 724 4510 diemconsensumque
770 4443 865 4507 gantis,
883 4455 935 4494 esse
952 4442 1019 4494 sitos.
1056 4439 1125 4491 Talis
1143 4440 1261 4492 iactantia
1277 4439 1319 4490 ali·
