3134 5310
248 517 287 577 12
677 523 833 572 connnnu
856 519 964 569 rsarrr

248 711 340 764 natus
362 710 394 764 et
417 697 641 764 conscientiam
656 695 777 784 generis
790 692 922 758 humani
936 689 1055 756 aboleri
1067 689 1321 771 arbitrabantur,
1335 716 1393 758 er-

245 804 343 894 pulsis
377 803 506 893 insuper
540 800 710 890 sapientiae
733 797 959 888 professoribus
986 807 1081 884 atque
1105 796 1192 860 omni
1216 795 1299 862 bons
1323 809 1395 864 arte

245 912 279 975 in
298 909 427 976 exilium
452 920 545 985 acta,
570 929 610 971 ne
634 904 710 993 quid
734 925 866 991 usquam
890 901 1057 968 honestum
1081 913 1269 967 occurreret.
1294 901 1394 968 Dedi·

246 1037 318 1080 mus
349 1014 490 1102 proiecto
523 1010 641 1102 grande
674 1009 845 1099 patientiae
868 1006 1116 1082 documentum;
1144 1017 1175 1071 et
1199 1006 1279 1071 sicut
1302 1019 1394 1072 retus

245 1131 332 1185 aetas
366 1119 466 1196 vidit,
505 1116 580 1208 quid
604 1115 754 1181 ultimum
785 1114 817 1177 in
842 1113 987 1177 libertate
1018 1122 1117 1188 esset,
1142 1111 1186 1174 ita
1209 1132 1287 1189 nos,
1314 1110 1393 1200 quid

244 1225 277 1290 in
314 1224 461 1290 servitute
475 1273 485 1303 ,
522 1222 668 1310 adempte
703 1243 760 1308 per
793 1218 1011 1306 inquisitiones
1042 1215 1137 1282 etiam
1162 1216 1314 1304 loquendi
1337 1238 1395 1280 an·

244 1328 415 1417 diendique
450 1327 652 1394 commercio.
701 1324 887 1390 Memoriam
922 1343 1049 1410 quoque
1082 1320 1182 1409 ipsam
1215 1343 1288 1386 cum
1313 1343 1390 1386 roca

244 1434 508 1525 perdidissemus,
534 1434 559 1499 si
586 1445 650 1498 tam
675 1431 707 1495 in
732 1441 837 1495 nostra
861 1436 1014 1516 potestate
1041 1437 1119 1490 esset
1139 1423 1281 1492 oblivisci
1294 1449 1391 1515 quam

242 1553 357 1606 tacere.

246 1759 367 1808 sationem
387 1757 527 1823 sapientiae
549 1755 688 1806 doctoribus
704 1755 792 1804 babet!
838 1769 895 1802 sum
911 1753 1060 1803 recedentia
1075 1758 1173 1819 pencris
1190 1756 1305 1808 lunoni!
1328 1759 1391 1809 For·

247 1850 276 1890 at
291 1842 335 1890 snb
352 1856 378 1889 se
394 1839 511 1905 spiritam
528 1847 551 1888 et
567 1837 709 1902 sanquinem
717 1844 741 1884 et
746 1852 794 1900 pa·
838 1842 903 1884 tasse
932 1835 997 1900 ipsis
1025 1843 1121 1886 sumtus
1160 1845 1198 1888 est
1231 1853 1264 1888 ex
1294 1839 1392 1889 Seneca

247 1924 322 1973 triurn
337 1929 484 1987 receperunt
499 1919 596 1980 studia,
611 1917 794 1982 qaaepriorarn
840 1915 959 1966 Contrcv.
978 1917 1012 1965 V.
1030 1919 1057 1967 in
1069 1919 1230 1982 praefatione.
1249 1921 1314 1970 Inde
1328 1937 1391 1972 nou-

247 2015 381 2070 scaporum
405 2002 544 2052 inaranitas
560 2000 644 2050 exiliis
657 1999 793 2065 puniebat,
839 1998 910 2046 nulla
934 2012 1072 2062 apponam,
1089 2015 1146 2050 cnm
1162 2008 1248 2051 nostro
1263 2003 1320 2051 loco
1334 2003 1391 2052 uui-

247 2102 301 2136 cam
316 2085 364 2134 sibi
376 2084 490 2133 citiorum
499 2083 600 2133 arnniarn
609 2080 719 2130 censuim
723 2079 793 2145 prin·
839 2095 910 2131 verse
935 2084 1117 2133 convenientia.
1145 2080 1282 2132 sedilium
1299 2081 1389 2148 (Scau-

248 2183 306 2233 ceps
322 2166 435 2216 inimicae
449 2164 518 2213 uitiis
533 2171 611 2222 artes,
627 2159 793 2210 nonodioma·
839 2179 895 2212 rum
912 2164 1115 2229 declamatorem)
1134 2162 1220 2229 inape,
1239 2164 1285 2213 imo
1298 2180 1391 2229 perpe.

247 2249 300 2314 pis,
323 2261 396 2311 mam
411 2245 564 2304 reuerentia,
580 2242 712 2307 relcpurct.
730 2241 794 2289 Uter
841 2253 884 2292 tac
909 2243 1007 2294 desidia
1033 2261 1060 2294 ee
1082 2243 1251 2309 perduxerat,
1277 2252 1305 2293 ut
1327 2245 1392 2296 nibil

249 2336 287 2380 eat
302 2327 429 2378 imitatori
448 2326 560 2385 Plinius,
576 2329 645 2388 pute,
663 2337 714 2372 non
731 2327 776 2370 eet·
840 2341 929 2374 carere
953 2326 1038 2385 vellet,
1063 2324 1126 2375 nibil
1138 2333 1232 2390 posset.
1260 2324 1392 2375 Orationes

282 2409 434 2461 Libertatem
458 2414 565 2456 seratas.
584 2405 637 2463 lla,
655 2403 741 2461 credo,
757 2415 794 2450 re·
840 2415 931 2472 septem
962 2406 1053 2467 edidit,
1080 2421 1143 2470 qaae
1168 2405 1255 2455 deinde
1280 2415 1390 2456 renatus·

248 2507 308 2543 vera
332 2493 376 2541 illc
400 2492 458 2553 igne
479 2489 631 2539 abolebatur.
649 2483 716 2533 Rara
732 2497 794 2532 eem-
841 2487 948 2538 censulto
966 2490 1102 2538 combustae
1118 2497 1182 2537 sunt.
1197 2485 1390 2539 Benecnmillia

247 2589 292 2640 per
315 2574 376 2632 tuit,
401 2577 456 2636 poet
481 2568 628 2633 supplicium
652 2565 749 2614 Rustici
770 2571 795 2613 et
840 2569 905 2635 ipris
930 2579 1023 2636 eperat.
1047 2567 1099 2618 Sed
1114 2577 1212 2618 enatant
1229 2569 1313 2619 libelli.
1348 2571 1390 2622 De

249 2654 396 2706 Senecionis
412 2651 516 2701 omnino
532 2649 610 2698 nulla.
629 2648 741 2710 Apparet
754 2646 795 2694 vel
841 2653 968 2702 Labieno:
994 2649 1026 2700 In
1041 2650 1110 2714 Jbanc
1123 2651 1230 2716 primum
1247 2635 1391 2716 eacopitctc

249 2751 283 2786 ex
307 2736 406 2799 epilogo
430 2732 504 2782 huius
528 2731 621 2788 libelli,
646 2728 690 2777 ubi
707 2727 794 2777 Helvi-
841 2741 879 2781 est
894 2749 956 2781 naua
969 2748 1065 2798 poena:
1083 2732 1198 2797 effectum
1215 2741 1251 2782 est
1268 2733 1329 2782 enirn
1339 2749 1389 2799 per

248 2819 305 2868 dius
321 2817 437 2866 manibus
453 2819 553 2864 senatus
569 2812 596 2860 in
611 2823 736 2858 eercerem
752 2809 794 2856 du·
842 2814 964 2874 inimicos,
989 2823 1017 2863 at
1038 2829 1118 2862 ornnes
1134 2813 1188 2862 eina
1204 2813 1263 2863 libri
1279 2813 1389 2864 incende-

248 2902 320 2960 citur,
338 2906 363 2949 et
378 2898 419 2947 rel
436 2889 795 2960 supiriesubscribuntur.Hic
841 2903 934 2944 rentur,
979 2892 1058 2954 Eius,
1089 2895 1132 2959 qm·
1157 2894 1219 2944 tanc
1244 2896 1389 2946 sementiam

249 2989 333 3032 autem
349 2977 526 3028 commercium
541 2973 660 3038 loquendi
668 2972 794 3021 eximitur.
842 2977 867 3025 in
884 2976 982 3040 scripta
997 2973 1103 3024 Labieni
1120 2974 1233 3035 direct,
1246 2985 1337 3041 postea
1352 2978 1389 3028 oi-

288 3060 464 3114 Oonscs'cntiarn
479 3056 577 3123 pencris
598 3053 703 3103 bornuni.
720 3053 797 3102 Hauc
841 3057 919 3106 ventis
949 3056 1029 3105 adbuc
1054 3057 1151 3121 scriptu
1176 3058 1298 3106 combusta
1323 3067 1388 3108 cant.

249 3147 316 3210 ignis
331 3159 383 3192 non
400 3141 491 3191 abolet.
506 3138 557 3188 Sed
565 3136 736 3186 conscientiam
743 3150 795 3184 non
842 3136 903 3186 Non
919 3137 977 3187 tulit
993 3137 1055 3186 bane
1071 3136 1196 3187 Labienus
1213 3139 1389 3200 contumeliam,

249 3226 371 3288 intelligo.
402 3222 512 3278 Dicitur,
542 3225 615 3281 puto,
645 3216 797 3266 conscientia
842 3235 884 3268 nec
909 3227 1035 3283 superstes
1056 3233 1109 3266 csse
1125 3217 1221 3282 inpenie
1238 3235 1281 3268 aaa
1297 3220 1389 3282 uoluit,

249 3307 354 3359 alicuius
369 3304 418 3363 rei,
434 3315 498 3366 quae
506 3300 571 3348 inest
578 3298 665 3361 generi
671 3297 795 3355 hnmano,
842 3298 886 3348 scd
906 3299 932 3348 in
948 3307 1098 3348 monumenta
1114 3315 1141 3347 se
1157 3300 1275 3349 maiarum
1290 3317 1390 3352 suoram

248 3388 475 3455 genushumannm
484 3387 520 3431 eet
528 3378 796 3441 conscium1·ei,quam
836 3380 911 3445 serri
935 3380 1022 3439 iussit,
1048 3389 1123 3444 atquc
1144 3381 1183 3429 ita
1204 3381 1309 3442 includi,
1326 3385 1389 3433 ceri-

248 3473 290 3522 vel
299 3472 380 3535 ipsum
395 3459 704 3532 perpetravit,relebalio
712 3472 794 3523 perpe·
843 3470 882 3510 tas
906 3461 1013 3521 scilicet,
1035 3477 1064 3510 ne
1086 3461 1163 3525 ipnis,
1181 3463 1224 3526 qui
1239 3464 1329 3514 nornini
1345 3481 1389 3514 sae

248 3559 327 3604 tratas
340 3549 467 3599 conscium
483 3545 576 3594 buum
592 3548 637 3592 est.
653 3541 680 3589 in
698 3553 727 3588 ee
743 3555 796 3588 con·
841 3542 963 3592 subiectus
980 3553 1047 3604 aar,
1065 3543 1165 3608 corpori
1181 3553 1320 3608 reparetur.

249 3631 354 3683 scientia
374 3628 483 3678 cernitur
499 3625 592 3688 aliquid
609 3623 712 3682 occulb,
728 3622 794 3670 clau·
874 3621 1078 3674 Arbitrabantur.
1097 3625 1226 3673 Berclaius
1238 3625 1389 3676 rescribebat

249 3713 354 3771 destini,
377 3710 455 3772 uulgo
478 3707 562 3755 mitius
587 3705 688 3767 cogniti.
715 3705 794 3753 Inter·
841 3706 1025 3765 arbitrabatur,
1059 3704 1227 3754 Domitianus.
1263 3706 1318 3756 Alii
1334 3708 1389 3770 plu·

248 3799 377 3861 pretautur
409 3787 567 3854 capnitionem
600 3793 624 3834 ct
648 3785 793 3834 menwriam.
839 3787 918 3835 ralem
943 3787 979 3836 ita
1002 3786 1152 3845 defendunt,
1168 3792 1198 3835 nt
1214 3787 1388 3850 intelligantur

249 3876 367 3941 Cognitio
383 3872 459 3936 igitur
475 3875 500 3918 et
515 3866 793 3930 memoriagenerishu-
839 3882 938 3932 quoqne
963 3869 1013 3927 illi,
1038 3868 1082 3932 qui
1107 3883 1206 3918 suarem
1222 3869 1387 3929 Domitiano,

248 3959 318 4010 mani
334 3957 379 4006 illc
395 3954 467 4016 igne,
482 3965 533 4014 quo
549 3946 792 3998 Domitianuslibros
838 3950 882 4012 qui
906 3950 1038 3998 laudavere
1054 3956 1100 3998 cat.
1120 3950 1238 4008 Tacitus,
1255 3951 1342 4009 credo,
1359 3952 1387 4000 in

247 4039 346 4092 Rustici
361 4043 386 4086 et
404 4032 549 4085 Senecionis
566 4029 674 4087 exussit,
690 4037 792 4078 nonest
838 4031 928 4094 plurali
952 4037 1123 4096 contemptum
1147 4031 1288 4081 Domitiani
1305 4033 1388 4095 expri-

248 4122 348 4174 abolita.
374 4117 459 4168 Genus
480 4114 620 4162 humanum
635 4111 753 4174 cognovit
768 4118 793 4161 et
838 4114 898 4172 mit,
923 4113 995 4176 quasi
1019 4129 1071 4162 nou
1096 4113 1187 4175 dignus
1208 4113 1240 4162 sit
1256 4113 1327 4162 cuins
1342 4129 1387 4162 no·

247 4202 370 4256 memorie
393 4198 496 4256 retinet,
522 4194 645 4244 saevitum
659 4194 686 4242 in
702 4194 792 4255 libros,
838 4209 896 4244 men
927 4201 1065 4256 nsrupetur.
1096 4195 1174 4244 Haud
1203 4193 1324 4243 dissimile
1349 4201 1388 4244 est

247 4286 311 4335 adde
335 4289 373 4341 et,
390 4279 511 4330 saevitum
527 4277 554 4326 in
571 4282 690 4325 suctores.
709 4274 793 4336 Quam
838 4277 901 4324 illud
932 4275 1055 4324 Matthaei
1084 4275 1112 4323 in
1143 4276 1242 4339 Euang.
1270 4276 1308 4324 II.
1335 4280 1386 4336 20„

247 4365 340 4416 mirum
364 4375 410 4410 uos
434 4359 558 4418 aboletur,
575 4357 722 4406 conscientia
738 4359 792 4407 aba·
838 4356 993 4422 Ἐγερθεὶς
1009 4354 1159 4422 παράλαβε
1173 4356 1388 4406 einsidlensi

247 4443 325 4507 letter,
350 4435 375 4494 'et
398 4441 500 4508 quidem
523 4440 593 4506 ipra·
616 4454 692 4503 quem
708 4445 792 4492 rento·
838 4441 890 4504 τὴν
907 4438 1015 4507 μητερα
1033 4437 1136 4507 αὐτοῦ,
1155 4439 1202 4490 nal
1217 4438 1389 4508 ncprbonsie
