3130 5308
190 536 252 597 118
630 543 785 591 connrnrr
809 541 920 590 rscrrr

186 739 243 784 nos
279 715 365 782 saria
402 713 528 780 fertum
563 726 717 781 certatum
750 724 820 789 est,
845 732 933 800 spem
957 731 994 774 ac
1018 707 1192 784 subsidium
1218 711 1252 776 in
1276 731 1336 775 no·

185 823 256 890 stris
291 819 437 886 manibus
471 818 650 896 habebant,
686 819 761 907 quia
785 815 971 881 nobilissimi
1002 815 1098 880 totius
1123 816 1332 893 Britanniae,

184 947 287 1018 eoque
321 926 355 991 in
386 925 460 1013 ipsis
483 923 699 1014 penetralibus
723 923 795 1000 siti,
820 943 880 986 nec
903 919 1106 985 servientium
1131 919 1224 984 litora
1249 921 1332 1008 aspi-

182 1136 388 1204 habebamus.
446 1133 510 1200 Nos
553 1145 707 1199 terrarum
743 1153 780 1196 ac
814 1129 967 1195 libertatis
1002 1140 1157 1195 extremos
1192 1151 1336 1195 recessus

182 1243 249 1332 ipse
282 1262 319 1306 ac
343 1241 429 1305 sinus
451 1239 555 1305 faniae
578 1239 611 1304 in
634 1238 722 1304 hunc
743 1237 828 1304 diem
851 1231 1004 1299 defendit.
1053 1233 1149 1300 Nunc
1173 1235 1331 1299 terminus

182 1345 363 1413 Britanniae
397 1357 506 1434 patet,
543 1356 638 1433 atque
673 1365 767 1409 ornne
801 1342 944 1432 ignotum
980 1361 1038 1429 pro
1072 1339 1242 1430 magnifico
1269 1351 1330 1404 est.

182 1601 259 1656 qnam
282 1602 384 1639 sensam
407 1588 522 1648 baberet,
539 1587 561 1637 si
577 1587 737 1653 loquerentur
758 1582 761 1602 '
783 1589 821 1638 illi
842 1589 948 1652 genitivi
964 1589 1072 1654 copulati
1087 1587 1231 1646 videantur,
1245 1591 1334 1635 tenen-

182 1668 214 1717 de
246 1668 329 1717 insula
353 1669 466 1718 noudum
490 1670 609 1718 habitata.
638 1669 736 1718 Multae
782 1670 843 1718 dnm
859 1675 908 1728 est,
926 1668 1061 1718 libertatem
1077 1681 1130 1718 esse
1145 1668 1257 1717 hocloco
1265 1681 1334 1716 com·

182 1764 207 1798 v.
224 1765 246 1799 c.
271 1750 350 1800 tribas
375 1751 450 1800 simul
473 1764 529 1800 eam
545 1756 674 1814 occupant.
692 1750 736 1799 Di·
781 1751 884 1814 plexum
908 1756 1044 1811 tanarum,
1070 1763 1134 1816 quae
1159 1763 1210 1798 non
1227 1753 1334 1812 pareant

181 1830 291 1882 viditur:
310 1831 442 1882 caledonii
457 1831 484 1880 in
501 1832 669 1896 penetralibus
685 1833 734 1882 col·
779 1828 925 1881 Romanis.''

181 1911 308 1972 locantur,
324 1912 383 1977 qnia
397 1918 456 1961 suut
471 1912 734 1973 nobilissimi‚rirtute
814 1906 889 1959 Sinas
900 1911 991 1976 samoe
1008 1911 1034 1961 in
1051 1909 1112 1960 banc
1129 1909 1192 1959 diem
1208 1907 1333 1973 dffendit.

181 2007 269 2044 omnes
294 1993 355 2043 elias
379 1993 459 2043 tribus
483 2000 609 2058 superent.
634 1993 686 2044 Sed
701 2009 734 2044 ne
780 1991 881 2055 Lipsius
898 1992 1016 2056 intelligit
1036 1992 1112 2041 sinam
1124 1993 1217 2056 famae
1233 1991 1334 2040 deBri·

181 2072 217 2123 sie
241 2074 344 2139 quidem
369 2073 471 2124 Tacitus
494 2089 536 2124 ecs
553 2076 589 2125 lta
604 2075 735 2140 loquentes
780 2073 863 2122 tannis
887 2073 934 2122 vix
958 2072 1026 2123 fama
1043 2074 1122 2134 notis,
1140 2073 1212 2137 quasi
1228 2072 1254 2120 in
1270 2071 1332 2121 sinu

182 2154 733 2219 lecisset‘Sicenim‚qnisessentnobilissimi,
780 2153 860 2203 famae
884 2155 1007 2214 conditis;
1033 2161 1108 2219 atque
1132 2154 1169 2204 lta
1185 2159 1210 2204 et
1229 2153 1287 2213 ulii,
1306 2159 1334 2202 et

182 2235 333 2300 accepissent
346 2237 481 2299 pessimam
493 2237 569 2286 totius
577 2237 735 2300 insulespar-
780 2234 958 2284 Lachmannus
991 2237 1024 2284 ad
1056 2236 1172 2300 Propert.
1196 2235 1244 2285 IV.
1270 2248 1333 2283 xxr.

182 2322 242 2367 tem.
274 2315 382 2376 Melius,
412 2317 500 2376 credo,
525 2323 734 2381 transponentnr:
780 2321 821 2365 ³2.
838 2313 959 2366 Lenibum
976 2315 1051 2366 tacito
1066 2315 1332 2373 vulneremmrasiam
1393 2357 1400 2362 .

184 2396 245 2461 qaia
270 2396 297 2446 in
321 2396 386 2462 ipsis
399 2395 569 2462 penetralibus
586 2398 642 2458 siti,
660 2413 735 2463 eoque
781 2397 798 2445 i.
815 2410 838 2446 e.
863 2397 890 2446 in
916 2397 972 2448 loeo
988 2399 1020 2447 ab
1036 2397 1107 2448 omni
1123 2399 1195 2448 turbe
1209 2410 1286 2446 vacuo
1304 2402 1333 2445 et

182 2476 326 2528 nobilissimi
338 2475 413 2526 totins
429 2474 601 2536 Britanniae;
618 2479 676 2530 ideo
691 2495 735 2530 no·
780 2483 883 2528 remoto.
909 2479 1047 2540 Putabam,
1072 2479 1116 2545 qni
1133 2480 1159 2528 in
1176 2477 1228 2528 sina
1239 2479 1335 2543 samoe

183 2561 298 2610 bilissimi
323 2565 348 2608 et
372 2573 457 2609 manus
475 2566 500 2609 et
515 2560 649 2623 habemur,
666 2563 735 2613 nobi·
781 2565 851 2620 sunt,
870 2572 911 2610 eos
927 2560 1020 2624 ubique
1037 2575 1105 2621 esse,
1122 2561 1166 2610 ubi
1182 2566 1246 2610 esset
1253 2557 1330 2608 lama.

185 2639 276 2690 lissimi
300 2639 392 2688 virtuts
417 2645 441 2689 st
466 2639 546 2700 lama3
563 2642 622 2706 qnia
637 2643 736 2693 liberta·
783 2639 834 2700 Qui
865 2646 937 2700 sunt,
964 2641 1008 2689 ubi
1036 2641 1104 2692 mma
1128 2647 1177 2700 est,
1202 2655 1253 2690 non
1279 2652 1336 2689 esse

185 2727 238 2771 tem
261 2719 381 2770 intactam
401 2722 562 2782 servarimus,
580 2723 683 2787 integris
700 2726 736 2773 vi·
781 2727 883 2784 possent
899 2722 994 2785 ignoti,
1011 2722 1060 2772 nisi
1076 2719 1232 2772 famasilsot.
1251 2716 1335 2770 Silen-

185 2801 254 2851 ribns
270 2814 370 2861 sumus,
388 2809 413 2850 et
430 2815 517 2851 omnes
534 2802 653 2853 Britanni
667 2819 736 2868 sporn
783 2801 841 2851 dam
867 2804 980 2868 etfama
997 2804 1072 2853 simul
1089 2802 1192 2866 cogitari
1207 2815 1259 2850 non
1275 2816 1334 2865 pos·

186 2887 212 2932 et
232 2881 370 2932 subsidium
387 2883 414 2932 in
431 2883 503 2933 nobis
518 2883 629 2936 habuere
645 2886 736 2950 reposi-
782 2889 849 2934 sunt.
876 2883 906 2934 Si
931 2884 998 2934 fama
1022 2886 1054 2934 de
1071 2885 1154 2949 aliquo
1171 2883 1240 2943 silet,
1257 2889 1335 2934 antea

186 2971 251 3024 tam,
269 2970 294 3013 et
317 2964 377 3028 quia
401 2977 476 3014 omna
492 2964 607 3028 ignotum
622 2981 668 3030 pro
685 2981 737 3016 ma
783 2963 888 3015 locatam
912 2979 965 3015 esse
989 2972 1100 3030 oportet,
1126 2971 1152 3015 et
1172 2965 1274 3014 tandem
1290 2963 1335 3014 vel

185 3045 278 3108 gnifica
303 3052 352 3107 est,
377 3047 486 3098 Romani
510 3061 556 3097 nos
573 3047 736 3098 sdhnctime-
781 3045 861 3109 ipsam
894 3047 1020 3111 loquendo
1051 3045 1143 3096 isssam
1172 3053 1266 3104 tacere,
1291 3045 1336 3094 vel

186 3127 255 3176 bant.
272 3124 438 3190 Panormita,
454 3135 482 3178 nt
499 3128 573 3180 Ovio.
591 3129 668 3179 Trist.
686 3129 735 3179 IV.
780 3132 862 3177 tacere
890 3128 1003 3190 precibus
1033 3127 1139 3177 aliorum
1170 3133 1280 3188 oratam,
1305 3132 1337 3176 ut

187 3220 226 3256 tv.
243 3211 285 3256 83.
302 3205 376 3255 Haec
393 3209 470 3272 ipimr
487 3210 555 3274 reqio
571 3209 653 3274 mayni
662 3225 736 3274 pens·
784 3208 849 3271 apud
874 3209 1018 3258 Tibullum:
1043 3206 1139 3258 Rumor
1155 3208 1243 3258 acerbe
1259 3209 1334 3257 tace!

188 3286 266 3336 tralia
289 3287 384 3347 mandi,
412 3286 490 3344 Quam
513 3291 608 3355 fayore
631 3288 736 3338 domines
781 3289 856 3339 Meus
882 3289 977 3349 Taciti,
994 3289 1022 3338 ni
1038 3289 1124 3351 fallor,
1140 3289 1202 3339 haec
1217 3295 1266 3340 cst:
1285 3288 1336 3340 Ra-

187 3367 287 3434 Diqae,
300 3368 513 3435 propinquamilri
521 3378 566 3420 est.
584 3370 665 3420 Tacit.
675 3369 735 3420 Ger·
780 3384 862 3420 cessus
887 3385 916 3420 ac
941 3372 1010 3420 siuas
1030 3371 1141 3435 regionis
1157 3387 1201 3420 nos
1217 3367 1336 3434 defendit

186 3466 254 3502 man.
278 3456 308 3514 341
331 3458 404 3501 vocat
420 3451 569 3501 secretiora:
586 3449 658 3500 Pars
675 3449 735 3500 Sac-
773 3449 1337 3517 samaaproafammcontrafamamdloma·

185 3548 269 3582 noram
294 3532 319 3581 in
336 3533 471 3581 secretiora
490 3531 638 3584 Germaniae
650 3533 734 3598 porri·
779 3533 819 3582 nis
845 3533 925 3584 adhuc
950 3548 1048 3584 eramus
1072 3534 1161 3597 ignoti.
1180 3534 1247 3595 Quia
1262 3547 1335 3597 prae·

185 3613 262 3677 pitter.
287 3611 365 3662 Recte
389 3627 487 3676 qnoque
511 3615 650 3678 legeretur:
675 3614 735 3678 qaia
779 3614 845 3664 cedit
871 3623 994 3664 terraram
1010 3615 1123 3676 extremi,
1140 3615 1197 3665 ideo
1214 3614 1273 3665 satis
1290 3627 1335 3678 ap·

185 3691 329 3742 nobilissimi
350 3693 424 3741 totius
440 3690 593 3744 Britannias
609 3695 682 3757 inque
697 3695 734 3761 ip·
778 3702 862 3759 peret,
886 3695 948 3761 quid
972 3696 1040 3746 sinus
1065 3697 1197 3760 significet.
1224 3696 1263 3746 lla
1278 3709 1335 3746 vox

185 3774 221 3825 sis
237 3788 275 3838 sq.
292 3773 401 3824 Wexius
416 3774 529 3834 ooniicit,
547 3774 647 3838 eiusque
660 3774 734 3840 inpe-
779 3791 852 3841 saepe
868 3776 980 3839 ultimas,
996 3785 1125 3837 extremas,
1143 3777 1338 3827 simhabeted-

184 3852 335 3912 netralibus;
354 3854 484 3915 Kritzius,
501 3854 568 3920 iique
585 3855 610 3904 in
619 3863 734 3920 penetro·
779 3858 872 3908 iuncta.
898 3859 989 3908 Iustin.
1017 3858 1124 3909 XLIII.
1151 3864 1175 3908 3.
1193 3858 1219 3908 in
1234 3857 1336 3908 ultimos

185 3935 254 3988 blas.
783 3933 884 3989 Galliae
909 3938 986 3990 sinna
1003 3939 1036 3989 cf.
1063 3939 1173 3990 Gronov.
1192 3941 1224 3990 ad
1241 3938 1335 3989 Senes.

221 4015 357 4068 Terrarum
365 4033 396 4067 oc
404 4017 527 4068 libertatis
535 4026 662 4068 extremos.
680 4018 733 4068 Ho·
781 4021 874 4070 Tboad.
894 4023 940 4071 172
959 4028 983 4072 et
1000 4021 1104 4070 Passer.
1122 4023 1155 4071 ud
1172 4021 1254 4070 Taciti
1271 4019 1336 4072 Ger·

184 4105 232 4150 rat.
254 4098 339 4151 Oarrn.
357 4100 380 4149 1.
398 4103 439 4149 35.
458 4095 548 4148 Sernes
564 4099 654 4149 ituram
676 4097 734 4148 Cac-
779 4117 847 4151 man.
863 4117 888 4166 p.
907 4107 947 4151 84.
966 4101 1042 4164 Quod
1058 4103 1159 4152 Plinius
1176 4103 1256 4167 Epist.
1265 4103 1335 4153 VII.

185 4195 266 4230 sarem
283 4181 309 4230 in
325 4179 423 4232 ultimos
439 4179 510 4230 Orbis
517 4177 664 4230 Britannos.
682 4180 735 4230 Ubi
781 4187 812 4232 25
838 4183 870 4232 de
886 4183 946 4232 viris
963 4185 1066 4234 eruditis
1083 4183 1156 4242 dicit,
1173 4197 1236 4247 quos
1253 4182 1338 4232 mode·

185 4262 308 4312 nonnulla
339 4263 472 4322 annotavi,
505 4267 534 4311 ut
558 4261 734 4323 defenderem,
780 4264 832 4314 stin
857 4272 881 4313 et
906 4265 975 4328 quies
994 4268 1087 4330 samoe
1104 4263 1256 4324 substrahit,
1274 4263 1338 4315 t'aci-

184 4345 253 4404 quod
269 4344 398 4396 Bentleius
415 4346 522 4409 negabat
538 4343 734 4403 esseLatinnm,
779 4345 828 4394 lius
845 4350 893 4405 est,
911 4360 987 4410 quam
999 4347 1091 4410 samoe
1109 4343 1237 4410 defendit,
1252 4346 1338 4398 rarius

184 4421 282 4472 altimos
298 4426 371 4476 orbis.
389 4427 508 4479 Wexius:
534 4425 586 4475 uUt
603 4424 662 4475 satis
678 4430 735 4488 apte
780 4426 884 4492 qnippe,
902 4433 927 4477 ot
943 4430 1073 4490 poetaram
1091 4429 1171 4490 magis
1188 4427 1337 4492 proprium,
