3130 5308
702 565 874 614 tontcott.
1315 561 1358 624 93

206 729 293 807 lire,
337 729 551 806 circumcisis,
596 751 678 819 quae
708 732 741 796 in
777 746 946 820 quaestum
982 749 1105 826 reperta
1140 741 1207 828 ipso
1242 741 1361 808 tributo

208 833 342 922 gratim
370 833 597 900 tolerabantur.
646 835 794 924 Namque
823 861 881 926 per
908 839 1083 908 ludibrium
1107 843 1242 912 assidere
1275 847 1360 912 clau·

210 940 257 1004 sis
290 937 409 1004 horreis
443 951 475 1004 ct
509 961 614 1006 emere
648 940 732 1006 ultro
767 942 927 1010 frumenta
952 969 989 1012 ec
1012 947 1122 1015 ludere
1145 951 1247 1039 pretio
1271 973 1363 1040 coge·

210 1045 358 1123 bantur3
401 1043 541 1110 detortis
577 1045 726 1112 itinerum
762 1059 794 1112 et
831 1048 1045 1141 longinquitas
1081 1054 1245 1144 regionum
1280 1055 1363 1122 indi-

215 1151 373 1226 cebatur,
405 1160 441 1213 ut
472 1150 635 1229 civitates,
671 1151 822 1240 proximis
856 1153 998 1221 hibernis
1033 1158 1066 1222 in
1092 1171 1212 1225 remota
1236 1173 1267 1226 et
1292 1162 1361 1227 aria

214 1253 396 1331 deferrent,
432 1252 553 1333 donec,
591 1255 675 1344 quod
712 1257 858 1323 omuibus
891 1261 924 1325 in
958 1274 1109 1353 promptu
1143 1276 1228 1342 eret,
1251 1267 1362 1355 paucis

213 1357 377 1424 lucrosum
401 1358 501 1424 fieret.

213 1627 284 1690 quod
307 1626 386 1688 dixit,
412 1628 543 1678 exactione
562 1628 695 1692 frumenti,
713 1645 764 1680 non
806 1631 909 1697 pretiott
936 1632 1090 1684 Puteolanus
1115 1651 1160 1702 pro
1182 1635 1266 1687 ludere
1282 1639 1360 1690 edidit

214 1708 348 1758 exactione
389 1709 512 1758 bonorum
551 1709 763 1776 fortunarumque.
810 1711 926 1773 vendere,
952 1713 1094 1766 Gronovius
1107 1717 1192 1782 pretio
1208 1720 1315 1769 mutarit
1331 1721 1359 1770 in

215 1789 301 1849 Quare
326 1790 404 1840 verba
425 1790 480 1854 ipso
495 1789 585 1840 tributo
603 1805 655 1842 esse
671 1793 763 1858 glossa·
806 1809 896 1857 porco.
914 1793 1022 1846 Wexins
1039 1796 1215 1862 coniicitgiuere
1220 1800 1321 1864 pretio,
1334 1807 1359 1852 et

212 1885 258 1918 ma
301 1869 393 1920 iudico.
434 1869 589 1921 Glossatores
621 1873 764 1937 saepissime
810 1875 900 1936 edidit,
926 1875 1040 1926 Kritains
1064 1877 1165 1926 coniicit
1186 1885 1213 1928 et
1228 1879 1306 1928 edidit
1322 1895 1360 1930 re·

210 1960 270 2018 post
285 1956 483 2020 comparativum
499 1954 636 2013 addebant,
651 1955 763 2018 quodia-

209 2036 377 2100 telligendum
393 2037 583 2087 arbitrabantur.

244 2113 336 2166 Emere
350 2115 416 2165 ultro
427 2118 560 2182 frumenta
577 2113 762 2181 uciudercpre·

209 2197 245 2247 tio
272 2197 429 2262 coqebontur.
457 2199 540 2247 Locus
556 2197 629 2246 valde
646 2199 762 2260 deprava

208 2285 257 2328 tus.
280 2277 427 2338 Sententia,
444 2285 518 2342 puto,
535 2278 668 2342 requiritur
683 2278 761 2328 haec:

208 2359 352 2423 Imperetur
368 2359 463 2408 civitati
479 2373 572 2422 magna
587 2358 707 2408 frumenti
722 2373 761 2409 co·

206 2441 258 2504 pia
277 2439 372 2490 Civitas
386 2439 529 2489 nonhabet.
540 2438 670 2502 Coguntur
679 2454 761 2490 emme

209 2535 226 2570 a
243 2520 378 2579 Romanu,
395 2520 484 2584 quibus
501 2521 599 2571 abunde
616 2528 653 2570 eet
670 2521 760 2571 inhor·

207 2602 260 2652 reio
284 2601 397 2665 publicis.
422 2602 461 2650 Ea
485 2603 569 2651 clausa
590 2608 684 2653 tenent.
703 2603 759 2651 Bri·

207 2683 281 2732 tanni
317 2682 442 2743 assident,
475 2683 547 2748 quasi
580 2683 758 2733 mendicantes.

206 2765 305 2814 Emunt
329 2777 423 2826 magno
438 2763 532 2826 pretio,
547 2778 699 2828 quamquem
715 2778 759 2818 no-

206 2851 279 2904 runt,
305 2844 353 2894 sibi
370 2851 426 2907 poet
443 2845 595 2907 emptionem
610 2860 688 2909 parvo
706 2859 759 2894 esse

809 1953 908 2004 cludere
928 1956 1022 2020 pretio.
1040 1956 1182 2007 Fallitzsch.
1200 1957 1261 2022 legit
1277 1975 1359 2009 uccen-

810 2034 868 2084 dere
889 2035 984 2100 pretia.
1012 2036 1090 2088 Suam
1114 2039 1219 2104 quisque
1235 2040 1359 2090 coniectu·

808 2131 863 2165 ram
879 2117 994 2180 explicat.
1013 2119 1069 2182 Ego
1086 2119 1166 2168 adhuc
1179 2135 1230 2170 non
1247 2121 1300 2170 vidi
1307 2136 1358 2173 me·

808 2195 856 2246 lius
873 2212 948 2262 quom
964 2198 1068 2249 vendere
1077 2216 1167 2266 porco.
1185 2203 1218 2252 In
1235 2201 1357 2253 ultrofor·

807 2282 872 2327 tasse
897 2278 965 2328 aliud
981 2281 1054 2341 latet,
1071 2282 1139 2346 qnod
1151 2297 1232 2347 pareo
1249 2299 1356 2348 oppone·

807 2364 887 2419 rebor,
912 2375 937 2409 v.
959 2375 981 2410 e.
998 2377 1075 2410 emere
1091 2361 1165 2411 multo
1175 2365 1309 2428 frumento
1325 2381 1356 2414 oc

806 2438 908 2488 uendere
921 2457 1003 2506 pareo
1020 2443 1174 2506 coqebuntur.
1199 2442 1251 2492 Sed
1268 2445 1355 2494 Latini

806 2520 893 2570 dicum
917 2537 1002 2584 moqno
1025 2530 1049 2572 et
1070 2537 1160 2587 porro.
1187 2524 1354 2589 Exemplum,

805 2601 848 2648 ubi
873 2599 947 2650 multo
969 2602 1005 2652 sic
1029 2603 1143 2667 ponitur,
1168 2604 1231 2655 mihi
1247 2621 1299 2655 non
1315 2620 1355 2656 co·

804 2682 903 2744 gnitum
929 2689 978 2743 eet,
1004 2684 1053 2733 nisi
1077 2684 1104 2733 in
1131 2683 1243 2748 Vulgato
1268 2687 1303 2739 N.
1322 2688 1355 2737 Τ.

806 2761 898 2812 Menti.
914 2763 1020 2816 XXVI.
1039 2770 1063 2815 9.
1080 2767 1227 2833 πραθῆναι
1240 2766 1355 2829 πολλοῦ,

804 2844 946 2895 venumdari
970 2845 1052 2896 multo.
1088 2843 1178 2898 Pluris
1203 2851 1304 2912 quidem
1329 2858 1355 2902 et

204 2926 375 2978 vendendum.
385 2925 427 2972 Ita
433 2924 542 2976 ludibrio
549 2927 680 2976 habentur.
690 2927 757 2976 Nam
800 2924 909 2990 plurimo
925 2933 984 2975 sunt
999 2928 1097 2978 usitata.

204 3005 361 3056 numentum
386 3006 414 3055 in
434 3005 539 3056 hiberna
554 3007 704 3071 portandum
721 3013 759 3058 est

204 3103 222 3137 a
247 3101 293 3136 sua
308 3087 408 3136 civitate
423 3088 535 3138 monime
551 3094 656 3138 remota.
689 3089 758 3137 Novi

206 3174 320 3226 sumtus,
336 3182 401 3218 nova
418 3169 556 3218 difficultas.
571 3169 640 3231 Ergo
648 3168 758 3219 Romani

206 3262 289 3312 parvo
313 3249 451 3309 redimunt,
477 3251 544 3314 qnod
568 3263 661 3312 magno
677 3249 757 3312 pretio

204 3329 381 3380 vendiderunt
416 3329 502 3394 Atque
518 3330 554 3379 ita
569 3330 621 3380 tere
637 3330 757 3401 interpre-

205 3417 259 3469 tes,
276 3410 365 3474 quibne
382 3411 486 3460 addatur
499 3412 627 3460 annotatio
642 3410 756 3461 Schwar-

205 3491 252 3540 arii
276 3492 309 3540 tttl
333 3491 414 3541 Plinii
437 3491 562 3554 Panegyr.
591 3497 632 3542 29.
666 3491 757 3541 Nonne

111 3629 115 3633 ,
205 3585 306 3620 cunero
331 3570 419 3633 detur,
445 3581 473 3621 ut
497 3572 549 3621 sine
569 3572 645 3622 ullius
662 3571 755 3622 iniuria

205 3651 282 3700 omnis
306 3651 391 3702 usibus
415 3653 506 3702 uostris
526 3669 604 3702 annus
620 3653 753 3702 exuberet?

207 3729 307 3798 Quippe
323 3749 370 3782 non
386 3741 413 3782 ut
427 3749 457 3782 err
473 3733 565 3784 hostico
582 3743 673 3798 raptae
686 3734 755 3798 peri·

205 3820 324 3876 tarneque
341 3812 367 3861 ia
380 3813 475 3863 horreis
482 3830 582 3874 messes,
591 3813 755 3878 nequidquam

203 3892 380 3956 quiritantibus
404 3896 478 3946 sociis
494 3897 654 3960 auferuntor.
673 3893 753 3946 Dere-

202 3972 262 4026 bunt
278 3976 331 4041 ipsi
345 3974 413 4039 quod
428 3985 496 4026 terro
508 3975 755 4040 penuit,quodsidus

203 4056 282 4118 oluit,
310 4057 378 4121 quod
391 4073 470 4106 annus
488 4057 544 4106 tulit
548 4078 559 4114 ;
577 4073 620 4106 nec
636 4058 703 4107 novis
720 4059 754 4108 in·

203 4137 352 4188 dictionibus
382 4138 468 4203 pressi
495 4136 530 4187 ud
552 4146 635 4187 vetera
661 4139 754 4188 tributo

203 4213 331 4282 deficiunt.
358 4217 428 4268 Emit
439 4219 532 4282 flacus,
551 4218 673 4283 quidquid
687 4219 752 4270 oide-

204 4309 244 4350 tur
270 4316 365 4356 ernere;
391 4299 448 4350 inde
464 4300 551 4366 copia,
569 4299 624 4349 inde
640 4317 751 4360 annone,

837 3004 966 3055 Proximis
982 3006 1088 3056 bibernis
1104 3007 1129 3056 in
1145 3016 1239 3057 remota
1255 3017 1279 3058 et
1295 3011 1356 3060 cota·

804 3085 942 3152 deferrent.
968 3086 1121 3136 Puteolanus
1137 3088 1247 3138 correxit
1264 3105 1281 3138 a
1294 3106 1356 3155 pro·

803 3167 883 3216 rimis.
910 3167 991 3227 lum,
1017 3169 1104 3227 credo,
1127 3167 1229 3218 Tacitus
1246 3170 1356 3234 scripsis-

802 3255 840 3298 set
865 3247 891 3298 in
916 3256 1009 3297 remota
1033 3264 1050 3297 u
1068 3249 1191 3315 procimis
1208 3251 1313 3302 hibernis
1329 3262 1356 3302 et

802 3329 869 3379 ovio.
895 3329 945 3380 Per
961 3323 1054 3379 remoto
1070 3346 1086 3382 a
1101 3333 1224 3396 proximis
1241 3335 1352 3385 hibernie

801 3410 919 3471 hiberna,
937 3413 1075 3476 explicatur
1092 3411 1259 3476 lonqinquites
1274 3414 1352 3478 reqio-

801 3509 868 3552 num,
902 3507 947 3556 per
973 3491 1032 3540 uuio
1057 3492 1215 3555 explicantur
1240 3492 1353 3542 devortiu

800 3571 922 3622 itinerum.
957 3573 1074 3622 Fortasse
1106 3578 1191 3622 tamen
1217 3588 1232 3623 a
1263 3573 1352 3625 Tacito

801 3655 931 3718 scriptum:
953 3671 1003 3720 pro
1024 3653 1147 3719 proximis
1169 3653 1289 3718 hibernie,
1306 3672 1352 3720 pro

800 3749 843 3795 eo,
859 3740 888 3784 ut
900 3734 1037 3797 deferrent,
1056 3734 1120 3784 cirri
1138 3737 1188 3786 τοῦ
1209 3737 1350 3802 κατάγειν.

802 3817 881 3867 Tacit.
900 3817 997 3867 Annal.
1016 3817 1095 3868 XIV.
1114 3825 1154 3869 20.
1172 3817 1275 3884 Easque
1287 3837 1351 3885 puq·

800 3914 845 3947 nos
871 3897 975 3965 (aestus)
998 3916 1048 3964 pro
1064 3899 1156 3948 militia
1173 3909 1197 3949 et
1213 3899 1289 3950 armis
1305 3917 1352 3950 me·

800 3978 916 4029 ditentur.
936 3979 1010 4030 Ovid.
1029 3981 1133 4030 Metam.
1156 3982 1208 4030 IV.
1225 3986 1282 4030 414.
1304 3978 1350 4030 Te·

800 4069 889 4124 utaque
902 4079 951 4127 pro
968 4061 1039 4111 silvia
1055 4061 1184 4110 celebrant.
1203 4060 1280 4110 Sinin
1297 4076 1349 4112 uno

801 4142 929 4203 Medicco,
948 4143 1349 4208 exquisitius‚puto,qnamquod

799 4222 826 4269 in
851 4222 974 4286 plerisque
991 4222 1060 4273 aliis:
1079 4231 1192 4286 tectoque
1208 4239 1254 4271 uon
1271 4223 1349 4274 siivas

799 4301 928 4351 celebrant.
956 4304 1061 4354 Metam.
1088 4302 1123 4352 X.
1152 4305 1207 4352 703.
1227 4320 1278 4368 pro
1296 4305 1348 4355 tiro-

203 4380 233 4430 dc
266 4397 317 4445 qua
341 4379 405 4432 inter
434 4380 543 4431 licentem
567 4379 752 4445 vendentemque
798 4381 867 4432 lamis
884 4383 1005 4433 celebrent
1021 4383 1236 4437 silenawexiue:
1249 4403 1348 4453 uquam·

203 4462 337 4512 conveniat.
365 4461 416 4516 Sed
440 4464 501 4528 quid
526 4462 600 4514 facies
617 4463 647 4510 de
666 4461 749 4512 ludere
796 4479 872 4529 quam
889 4468 1003 4534 proximu
1021 4472 1090 4521 erunt
1105 4465 1218 4519 hiberna.
1237 4469 1350 4520 Bezzen-
