<?xml version="1.0" encoding="UTF-8"?>
<!DOCTYPE html PUBLIC "-//W3C//DTD XHTML 1.0 Transitional//EN"
    "http://www.w3.org/TR/xhtml1/DTD/xhtml1-transitional.dtd">
<html xmlns="http://www.w3.org/1999/xhtml" xml:lang="en" lang="en">
 <head>
  <title>
</title>
<meta http-equiv="Content-Type" content="text/html;charset=utf-8" />
  <meta name='ocr-system' content='tesseract 3.04.00' />
  <meta name='ocr-capabilities' content='ocr_page ocr_carea ocr_par ocr_line ocrx_word'/>
</head>
<body>
  <div class='ocr_page' id='page_1' title='image "./ccorneliitaciti09tacigoog/ccorneliitaciti09tacigoog_0036.png"; bbox 0 0 3134 5310; ppageno 0'>
   <div class='ocr_carea' id='block_1_1' title="bbox 643 499 818 548">
    <p class='ocr_par' dir='ltr' id='par_1_1' title="bbox 643 499 818 548">
     <span class='ocr_line' id='line_1_1' title="bbox 643 499 818 548; baseline -0.006 -2"><span class='ocrx_word' id='word_1_1' title='bbox 643 499 818 548; x_wconf 72' lang='lat' dir='ltr'><strong>saultoit.</strong></span> 
     </span>
    </p>
   </div>
   <div class='ocr_carea' id='block_1_2' title="bbox 1265 492 1306 552">
    <p class='ocr_par' dir='ltr' id='par_1_2' title="bbox 1265 492 1306 552">
     <span class='ocr_line' id='line_1_2' title="bbox 1265 492 1306 552; baseline 0 0"><span class='ocrx_word' id='word_1_2' title='bbox 1265 492 1306 552; x_wconf 67' lang='lat'><strong>23</strong></span> 
     </span>
    </p>
   </div>
   <div class='ocr_carea' id='block_1_3' title="bbox 157 667 1316 977">
    <p class='ocr_par' dir='ltr' id='par_1_3' title="bbox 157 667 1316 977">
     <span class='ocr_line' id='line_1_3' title="bbox 157 667 1315 762; baseline -0.002 -18"><span class='ocrx_word' id='word_1_3' title='bbox 157 691 331 752; x_wconf 85' lang='lat' dir='ltr'><strong>naturam,</strong></span> <span class='ocrx_word' id='word_1_4' title='bbox 369 671 454 762; x_wconf 85' lang='lat' dir='ltr'><strong>quod</strong></span> <span class='ocrx_word' id='word_1_5' title='bbox 488 669 593 738; x_wconf 88' lang='lat' dir='ltr'><strong>stetim</strong></span> <span class='ocrx_word' id='word_1_6' title='bbox 625 669 774 758; x_wconf 77' lang='lat' dir='ltr'><strong>parvulus</strong></span> <span class='ocrx_word' id='word_1_7' title='bbox 798 667 902 734; x_wconf 86' lang='lat' dir='ltr'><strong>sedem</strong></span> <span class='ocrx_word' id='word_1_8' title='bbox 929 693 965 736; x_wconf 84' lang='lat' dir='ltr'><strong>sc</strong></span> <span class='ocrx_word' id='word_1_9' title='bbox 990 673 1169 762; x_wconf 81' lang='lat' dir='ltr'><strong>magistram</strong></span> <span class='ocrx_word' id='word_1_10' title='bbox 1194 675 1315 742; x_wconf 88' lang='lat' dir='ltr'><strong>studio-</strong></span> 
     </span>
     <span class='ocr_line' id='line_1_4' title="bbox 158 773 1316 870; baseline -0.001 -22"><span class='ocrx_word' id='word_1_11' title='bbox 158 807 233 848; x_wconf 89' lang='lat' dir='ltr'><strong>rum</strong></span> <span class='ocrx_word' id='word_1_12' title='bbox 268 779 439 846; x_wconf 79' lang='lat' dir='ltr'>Massiliam</span> <span class='ocrx_word' id='word_1_13' title='bbox 463 775 594 851; x_wconf 88' lang='lat' dir='ltr'><strong>hnbuit,</strong></span> <span class='ocrx_word' id='word_1_14' title='bbox 619 773 724 838; x_wconf 90' lang='lat' dir='ltr'><strong>locum</strong></span> <span class='ocrx_word' id='word_1_15' title='bbox 751 774 870 839; x_wconf 84' lang='lat' dir='ltr'><strong>Graeca</strong></span> <span class='ocrx_word' id='word_1_16' title='bbox 895 777 1042 843; x_wconf 86' lang='lat' dir='ltr'><strong>comitate</strong></span> <span class='ocrx_word' id='word_1_17' title='bbox 1066 790 1097 843; x_wconf 88' lang='lat' dir='ltr'><strong>et</strong></span> <span class='ocrx_word' id='word_1_18' title='bbox 1126 781 1316 870; x_wconf 86' lang='lat' dir='ltr'><strong>provinciali</strong></span> 
     </span>
     <span class='ocr_line' id='line_1_5' title="bbox 159 879 1315 977; baseline 0.001 -25"><span class='ocrx_word' id='word_1_19' title='bbox 159 885 355 977; x_wconf 79' lang='lat' dir='ltr'>parsimonia</span> <span class='ocrx_word' id='word_1_20' title='bbox 390 884 517 948; x_wconf 88' lang='lat' dir='ltr'><strong>mistum</strong></span> <span class='ocrx_word' id='word_1_21' title='bbox 543 901 579 944; x_wconf 87' lang='lat' dir='ltr'><strong>ac</strong></span> <span class='ocrx_word' id='word_1_22' title='bbox 603 879 684 946; x_wconf 85' lang='lat' dir='ltr'><strong>bane</strong></span> <span class='ocrx_word' id='word_1_23' title='bbox 705 879 925 969; x_wconf 83' lang='lat' dir='ltr'><strong>compositum.</strong></span> <span class='ocrx_word' id='word_1_24' title='bbox 952 881 1105 948; x_wconf 88' lang='lat' dir='ltr'><strong>Memoria</strong></span> <span class='ocrx_word' id='word_1_25' title='bbox 1126 897 1219 952; x_wconf 86' lang='lat' dir='ltr'><strong>tenea</strong></span> <span class='ocrx_word' id='word_1_26' title='bbox 1241 887 1315 953; x_wconf 89' lang='lat' dir='ltr'><strong>soli·</strong></span> 
     </span>
    </p>
   </div>
   <div class='ocr_carea' id='block_1_4' title="bbox 160 1067 724 3817">
    <p class='ocr_par' dir='ltr' id='par_1_4' title="bbox 160 1067 720 2098">
     <span class='ocr_line' id='line_1_6' title="bbox 160 1067 718 1135; baseline -0.014 -13"><span class='ocrx_word' id='word_1_27' title='bbox 160 1080 234 1135; x_wconf 82' lang='lat' dir='ltr'><strong>pater</strong></span> <span class='ocrx_word' id='word_1_28' title='bbox 259 1077 284 1120; x_wconf 89' lang='lat' dir='ltr'><strong>et</strong></span> <span class='ocrx_word' id='word_1_29' title='bbox 309 1067 417 1118; x_wconf 87' lang='lat' dir='ltr'><strong>maiores</strong></span> <span class='ocrx_word' id='word_1_30' title='bbox 442 1074 601 1126; x_wconf 85' lang='lat' dir='ltr'><strong>amaverant,</strong></span> <span class='ocrx_word' id='word_1_31' title='bbox 627 1073 652 1115; x_wconf 91' lang='lat' dir='ltr'><strong>et</strong></span> <span class='ocrx_word' id='word_1_32' title='bbox 669 1073 718 1114; x_wconf 88' lang='lat' dir='ltr'><strong>stu-</strong></span> 
     </span>
     <span class='ocr_line' id='line_1_7' title="bbox 167 1152 719 1212; baseline -0.011 -10"><span class='ocrx_word' id='word_1_33' title='bbox 167 1153 240 1202; x_wconf 86' lang='lat' dir='ltr'><strong>dium</strong></span> <span class='ocrx_word' id='word_1_34' title='bbox 263 1152 291 1202; x_wconf 88' lang='lat' dir='ltr'><strong>in</strong></span> <span class='ocrx_word' id='word_1_35' title='bbox 317 1165 362 1200; x_wconf 90' lang='lat' dir='ltr'><strong>suo</strong></span> <span class='ocrx_word' id='word_1_36' title='bbox 387 1163 478 1212; x_wconf 86' lang='lat' dir='ltr'><strong>genere</strong></span> <span class='ocrx_word' id='word_1_37' title='bbox 503 1163 650 1198; x_wconf 86' lang='lat' dir='ltr'><strong>mansurum</strong></span> <span class='ocrx_word' id='word_1_38' title='bbox 666 1160 719 1210; x_wconf 88' lang='lat' dir='ltr'><strong>spe·</strong></span> 
     </span>
     <span class='ocr_line' id='line_1_8' title="bbox 162 1229 718 1292; baseline -0.013 -8"><span class='ocrx_word' id='word_1_39' title='bbox 162 1249 232 1284; x_wconf 88' lang='lat' dir='ltr'><strong>rans.</strong></span> <span class='ocrx_word' id='word_1_40' title='bbox 273 1231 426 1290; x_wconf 71' lang='lat' dir='ltr'><strong>Graecinus,</strong></span> <span class='ocrx_word' id='word_1_41' title='bbox 459 1231 500 1278; x_wconf 91' lang='lat' dir='ltr'><strong>cai</strong></span> <span class='ocrx_word' id='word_1_42' title='bbox 533 1229 639 1280; x_wconf 81' lang='lat' dir='ltr'><strong>Ovidius</strong></span> <span class='ocrx_word' id='word_1_43' title='bbox 669 1229 718 1292; x_wconf 89' lang='lat' dir='ltr'><strong>epi-</strong></span> 
     </span>
     <span class='ocr_line' id='line_1_9' title="bbox 161 1311 718 1376; baseline -0.011 -12"><span class='ocrx_word' id='word_1_44' title='bbox 161 1317 258 1366; x_wconf 86' lang='lat' dir='ltr'><strong>stolam</strong></span> <span class='ocrx_word' id='word_1_45' title='bbox 282 1328 316 1363; x_wconf 89' lang='lat' dir='ltr'><strong>ex</strong></span> <span class='ocrx_word' id='word_1_46' title='bbox 340 1313 424 1362; x_wconf 88' lang='lat' dir='ltr'><strong>Ponto</strong></span> <span class='ocrx_word' id='word_1_47' title='bbox 440 1311 522 1371; x_wconf 90' lang='lat' dir='ltr'><strong>misit,</strong></span> <span class='ocrx_word' id='word_1_48' title='bbox 540 1311 620 1376; x_wconf 87' lang='lat' dir='ltr'><strong>Epist.</strong></span> <span class='ocrx_word' id='word_1_49' title='bbox 639 1311 661 1358; x_wconf 89' lang='lat'><strong>1.</strong></span> <span class='ocrx_word' id='word_1_50' title='bbox 680 1325 718 1360; x_wconf 76' lang='lat' dir='ltr'><strong>vr.</strong></span> 
     </span>
     <span class='ocr_line' id='line_1_10' title="bbox 163 1391 719 1456; baseline -0.013 -10"><span class='ocrx_word' id='word_1_51' title='bbox 163 1397 246 1446; x_wconf 83' lang='lat' dir='ltr'><strong>fuisse</strong></span> <span class='ocrx_word' id='word_1_52' title='bbox 270 1395 366 1444; x_wconf 82' lang='lat' dir='ltr'><strong>videtm</strong></span> <span class='ocrx_word' id='word_1_53' title='bbox 392 1391 528 1456; x_wconf 77' lang='lat' dir='ltr'><strong>Agricolae</strong></span> <span class='ocrx_word' id='word_1_54' title='bbox 554 1407 616 1442; x_wconf 88' lang='lat' dir='ltr'><strong>avus</strong></span> <span class='ocrx_word' id='word_1_55' title='bbox 637 1393 719 1455; x_wconf 90' lang='lat' dir='ltr'><strong>potius</strong></span> 
     </span>
     <span class='ocr_line' id='line_1_11' title="bbox 163 1472 719 1544; baseline -0.009 -18"><span class='ocrx_word' id='word_1_56' title='bbox 163 1493 245 1544; x_wconf 89' lang='lat' dir='ltr'><strong>quam</strong></span> <span class='ocrx_word' id='word_1_57' title='bbox 260 1482 336 1540; x_wconf 87' lang='lat' dir='ltr'><strong>pater.</strong></span> <span class='ocrx_word' id='word_1_58' title='bbox 355 1475 481 1538; x_wconf 77' lang='lat' dir='ltr'><strong>Tempora</strong></span> <span class='ocrx_word' id='word_1_59' title='bbox 488 1475 649 1523; x_wconf 87' lang='lat' dir='ltr'><strong>conveniunt.</strong></span> <span class='ocrx_word' id='word_1_60' title='bbox 660 1472 719 1522; x_wconf 89' lang='lat' dir='ltr'><strong>Ovi·</strong></span> 
     </span>
     <span class='ocr_line' id='line_1_12' title="bbox 164 1555 720 1615; baseline -0.009 -6"><span class='ocrx_word' id='word_1_61' title='bbox 164 1560 223 1608; x_wconf 78' lang='lat' dir='ltr'><strong>(lius</strong></span> <span class='ocrx_word' id='word_1_62' title='bbox 257 1558 341 1606; x_wconf 88' lang='lat' dir='ltr'><strong>laudat</strong></span> <span class='ocrx_word' id='word_1_63' title='bbox 371 1556 454 1604; x_wconf 86' lang='lat' dir='ltr'><strong>studia</strong></span> <span class='ocrx_word' id='word_1_64' title='bbox 474 1555 555 1615; x_wconf 90' lang='lat' dir='ltr'><strong>illius,</strong></span> <span class='ocrx_word' id='word_1_65' title='bbox 581 1555 720 1604; x_wconf 68' lang='lat' dir='ltr'><strong>maximam</strong></span> 
     </span>
     <span class='ocr_line' id='line_1_13' title="bbox 163 1633 718 1699; baseline -0.014 -8"><span class='ocrx_word' id='word_1_66' title='bbox 163 1655 253 1690; x_wconf 86' lang='lat' dir='ltr'><strong>euram</strong></span> <span class='ocrx_word' id='word_1_67' title='bbox 270 1639 361 1687; x_wconf 86' lang='lat' dir='ltr'><strong>artium</strong></span> <span class='ocrx_word' id='word_1_68' title='bbox 377 1637 560 1699; x_wconf 82' lang='lat' dir='ltr'><strong>ingenuarum:</strong></span> <span class='ocrx_word' id='word_1_69' title='bbox 579 1633 635 1684; x_wconf 87' lang='lat' dir='ltr'><strong>Nee</strong></span> <span class='ocrx_word' id='word_1_70' title='bbox 653 1636 718 1698; x_wconf 86' lang='lat' dir='ltr'><strong>qais·</strong></span> 
     </span>
     <span class='ocr_line' id='line_1_14' title="bbox 165 1715 718 1788; baseline -0.014 -16"><span class='ocrx_word' id='word_1_71' title='bbox 165 1737 239 1788; x_wconf 79' lang='lat' dir='ltr'><strong>qaam</strong></span> <span class='ocrx_word' id='word_1_72' title='bbox 263 1719 363 1769; x_wconf 84' lang='lat' dir='ltr'><strong>meliore</strong></span> <span class='ocrx_word' id='word_1_73' title='bbox 382 1717 439 1781; x_wconf 82' lang='lat' dir='ltr'><strong>fide</strong></span> <span class='ocrx_word' id='word_1_74' title='bbox 457 1715 627 1781; x_wconf 79' lang='lat' dir='ltr'><strong>complectitur</strong></span> <span class='ocrx_word' id='word_1_75' title='bbox 645 1715 718 1776; x_wconf 84' lang='lat' dir='ltr'><strong>iilos,</strong></span> 
     </span>
     <span class='ocr_line' id='line_1_15' title="bbox 167 1797 717 1863; baseline -0.011 -9"><span class='ocrx_word' id='word_1_76' title='bbox 167 1801 225 1861; x_wconf 77' lang='lat' dir='ltr'><strong>Qua</strong></span> <span class='ocrx_word' id='word_1_77' title='bbox 250 1801 312 1852; x_wconf 83' lang='lat' dir='ltr'><strong>siait</strong></span> <span class='ocrx_word' id='word_1_78' title='bbox 328 1799 451 1863; x_wconf 82' lang='lat' dir='ltr'><strong>officiam,</strong></span> <span class='ocrx_word' id='word_1_79' title='bbox 469 1798 623 1862; x_wconf 86' lang='lat' dir='ltr'><strong>militiaeque</strong></span> <span class='ocrx_word' id='word_1_80' title='bbox 641 1797 717 1848; x_wconf 87' lang='lat' dir='ltr'><strong>labor.</strong></span> 
     </span>
     <span class='ocr_line' id='line_1_16' title="bbox 167 1879 718 1935; baseline -0.013 0"><span class='ocrx_word' id='word_1_81' title='bbox 167 1885 275 1935; x_wconf 85' lang='lat' dir='ltr'><strong>Ovidius</strong></span> <span class='ocrx_word' id='word_1_82' title='bbox 293 1879 417 1932; x_wconf 88' lang='lat' dir='ltr'><strong>Graecina</strong></span> <span class='ocrx_word' id='word_1_83' title='bbox 426 1879 548 1929; x_wconf 88' lang='lat' dir='ltr'><strong>scribebat</strong></span> <span class='ocrx_word' id='word_1_84' title='bbox 557 1895 580 1928; x_wconf 90' lang='lat' dir='ltr'><strong>a.</strong></span> <span class='ocrx_word' id='word_1_85' title='bbox 590 1880 641 1928; x_wconf 85' lang='lat' dir='ltr'><strong>fare</strong></span> <span class='ocrx_word' id='word_1_86' title='bbox 651 1879 718 1928; x_wconf 87' lang='lat' dir='ltr'>XII.</span> 
     </span>
     <span class='ocr_line' id='line_1_17' title="bbox 166 1963 720 2030; baseline -0.009 -15"><span class='ocrx_word' id='word_1_87' title='bbox 166 1973 222 2030; x_wconf 88' lang='lat' dir='ltr'><strong>post</strong></span> <span class='ocrx_word' id='word_1_88' title='bbox 247 1964 309 2014; x_wconf 88' lang='lat' dir='ltr'><strong>Chr.</strong></span> <span class='ocrx_word' id='word_1_89' title='bbox 336 1963 458 2027; x_wconf 74' lang='lat' dir='ltr'><strong>Agricola</strong></span> <span class='ocrx_word' id='word_1_90' title='bbox 475 1963 576 2010; x_wconf 86' lang='lat' dir='ltr'><strong>demum</strong></span> <span class='ocrx_word' id='word_1_91' title='bbox 593 1967 666 2010; x_wconf 89' lang='lat' dir='ltr'><strong>natus</strong></span> <span class='ocrx_word' id='word_1_92' title='bbox 683 1968 720 2010; x_wconf 90' lang='lat' dir='ltr'><strong>est</strong></span> 
     </span>
     <span class='ocr_line' id='line_1_18' title="bbox 168 2045 350 2098; baseline -0.011 -2"><span class='ocrx_word' id='word_1_93' title='bbox 168 2063 192 2098; x_wconf 87' lang='lat' dir='ltr'><strong>a.</strong></span> <span class='ocrx_word' id='word_1_94' title='bbox 211 2045 350 2098; x_wconf 86' lang='lat' dir='ltr'>XXXIX.</span> 
     </span>
    </p>

    <p class='ocr_par' dir='ltr' id='par_1_5' title="bbox 167 2124 724 3736">
     <span class='ocr_line' id='line_1_19' title="bbox 203 2124 720 2192; baseline -0.008 -16"><span class='ocrx_word' id='word_1_95' title='bbox 203 2125 288 2192; x_wconf 80' lang='lat' dir='ltr'><strong>lisque</strong></span> <span class='ocrx_word' id='word_1_96' title='bbox 313 2125 378 2191; x_wconf 84' lang='lat' dir='ltr'><strong>ipsis</strong></span> <span class='ocrx_word' id='word_1_97' title='bbox 398 2124 538 2174; x_wconf 83' lang='lat' dir='ltr'><strong>virtutibus.</strong></span> <span class='ocrx_word' id='word_1_98' title='bbox 575 2124 720 2174; x_wconf 87' lang='lat' dir='ltr'><strong>Delendum</strong></span> 
     </span>
     <span class='ocr_line' id='line_1_20' title="bbox 168 2203 720 2274; baseline -0.009 -15"><span class='ocrx_word' id='word_1_99' title='bbox 168 2218 229 2274; x_wconf 84' lang='lat' dir='ltr'><strong>puta</strong></span> <span class='ocrx_word' id='word_1_100' title='bbox 260 2207 402 2256; x_wconf 84' lang='lat' dir='ltr'><strong>uirtutibus.</strong></span> <span class='ocrx_word' id='word_1_101' title='bbox 429 2204 543 2255; x_wconf 84' lang='lat' dir='ltr'><strong>Stadium</strong></span> <span class='ocrx_word' id='word_1_102' title='bbox 568 2203 720 2269; x_wconf 84' lang='lat' dir='ltr'><strong>eloquentiae</strong></span> 
     </span>
     <span class='ocr_line' id='line_1_21' title="bbox 168 2287 720 2356; baseline -0.011 -16"><span class='ocrx_word' id='word_1_103' title='bbox 168 2288 368 2356; x_wconf 77' lang='lat' dir='ltr'><strong>sapientiaeque,</strong></span> <span class='ocrx_word' id='word_1_104' title='bbox 402 2302 453 2337; x_wconf 88' lang='lat' dir='ltr'><strong>non</strong></span> <span class='ocrx_word' id='word_1_105' title='bbox 478 2287 547 2336; x_wconf 86' lang='lat' dir='ltr'><strong>idem</strong></span> <span class='ocrx_word' id='word_1_106' title='bbox 571 2293 622 2346; x_wconf 87' lang='lat' dir='ltr'><strong>est,</strong></span> <span class='ocrx_word' id='word_1_107' title='bbox 647 2293 720 2352; x_wconf 87' lang='lat' dir='ltr'><strong>atque</strong></span> 
     </span>
     <span class='ocr_line' id='line_1_22' title="bbox 169 2365 720 2436; baseline -0.009 -16"><span class='ocrx_word' id='word_1_108' title='bbox 169 2371 310 2436; x_wconf 80' lang='lat' dir='ltr'><strong>eloquentia</strong></span> <span class='ocrx_word' id='word_1_109' title='bbox 335 2376 360 2420; x_wconf 91' lang='lat' dir='ltr'><strong>et</strong></span> <span class='ocrx_word' id='word_1_110' title='bbox 386 2368 512 2434; x_wconf 82' lang='lat' dir='ltr'><strong>sapientia</strong></span> <span class='ocrx_word' id='word_1_111' title='bbox 536 2369 612 2434; x_wconf 90' lang='lat' dir='ltr'><strong>ipsae.</strong></span> <span class='ocrx_word' id='word_1_112' title='bbox 643 2365 720 2416; x_wconf 83' lang='lat' dir='ltr'><strong>Aaaor</strong></span> 
     </span>
     <span class='ocr_line' id='line_1_23' title="bbox 168 2450 719 2515; baseline -0.011 -11"><span class='ocrx_word' id='word_1_113' title='bbox 168 2454 339 2504; x_wconf 70' lang='lat' dir='ltr'><strong>doctrinarum</strong></span> <span class='ocrx_word' id='word_1_114' title='bbox 361 2457 385 2500; x_wconf 90' lang='lat' dir='ltr'><strong>et</strong></span> <span class='ocrx_word' id='word_1_115' title='bbox 402 2450 473 2515; x_wconf 84' lang='lat' dir='ltr'><strong>ipsae</strong></span> <span class='ocrx_word' id='word_1_116' title='bbox 490 2451 618 2500; x_wconf 88' lang='lat' dir='ltr'><strong>doctrinae</strong></span> <span class='ocrx_word' id='word_1_117' title='bbox 634 2450 719 2498; x_wconf 88' lang='lat' dir='ltr'><strong>distin·</strong></span> 
     </span>
     <span class='ocr_line' id='line_1_24' title="bbox 167 2531 719 2598; baseline -0.007 -15"><span class='ocrx_word' id='word_1_118' title='bbox 167 2541 287 2598; x_wconf 78' lang='lat' dir='ltr'><strong>guunnu.</strong></span> <span class='ocrx_word' id='word_1_119' title='bbox 307 2532 453 2596; x_wconf 88' lang='lat' dir='ltr'><strong>Sapientia,</strong></span> <span class='ocrx_word' id='word_1_120' title='bbox 471 2532 488 2580; x_wconf 90' lang='lat' dir='ltr'><strong>i.</strong></span> <span class='ocrx_word' id='word_1_121' title='bbox 507 2545 529 2580; x_wconf 89' lang='lat' dir='ltr'><strong>e.</strong></span> <span class='ocrx_word' id='word_1_122' title='bbox 546 2531 719 2594; x_wconf 84' lang='lat' dir='ltr'><strong>philosophie,</strong></span> 
     </span>
     <span class='ocr_line' id='line_1_25' title="bbox 168 2613 720 2671; baseline -0.007 -6"><span class='ocrx_word' id='word_1_123' title='bbox 168 2617 216 2665; x_wconf 84' lang='lat' dir='ltr'><strong>vix</strong></span> <span class='ocrx_word' id='word_1_124' title='bbox 240 2615 346 2664; x_wconf 84' lang='lat' dir='ltr'><strong>retertur</strong></span> <span class='ocrx_word' id='word_1_125' title='bbox 363 2615 395 2662; x_wconf 89' lang='lat' dir='ltr'><strong>ad</strong></span> <span class='ocrx_word' id='word_1_126' title='bbox 411 2614 528 2671; x_wconf 83' lang='lat' dir='ltr'><strong>virtutes,</strong></span> <span class='ocrx_word' id='word_1_127' title='bbox 544 2613 628 2661; x_wconf 89' lang='lat' dir='ltr'><strong>minas</strong></span> <span class='ocrx_word' id='word_1_128' title='bbox 645 2613 720 2662; x_wconf 89' lang='lat' dir='ltr'><strong>etiam</strong></span> 
     </span>
     <span class='ocr_line' id='line_1_26' title="bbox 169 2693 721 2761; baseline -0.004 -16"><span class='ocrx_word' id='word_1_129' title='bbox 169 2697 323 2760; x_wconf 77' lang='lat' dir='ltr'><strong>eloquentia,</strong></span> <span class='ocrx_word' id='word_1_130' title='bbox 340 2703 368 2744; x_wconf 87' lang='lat' dir='ltr'><strong>nt</strong></span> <span class='ocrx_word' id='word_1_131' title='bbox 384 2695 485 2761; x_wconf 88' lang='lat' dir='ltr'><strong>quidem</strong></span> <span class='ocrx_word' id='word_1_132' title='bbox 501 2695 550 2742; x_wconf 93' lang='lat' dir='ltr'><strong>hoc</strong></span> <span class='ocrx_word' id='word_1_133' title='bbox 566 2694 621 2743; x_wconf 90' lang='lat' dir='ltr'><strong>loco</strong></span> <span class='ocrx_word' id='word_1_134' title='bbox 634 2693 721 2743; x_wconf 80' lang='lat' dir='ltr'><strong>referri</strong></span> 
     </span>
     <span class='ocr_line' id='line_1_27' title="bbox 168 2775 721 2838; baseline -0.002 -13"><span class='ocrx_word' id='word_1_135' title='bbox 168 2779 251 2828; x_wconf 89' lang='lat' dir='ltr'><strong>debet.</strong></span> <span class='ocrx_word' id='word_1_136' title='bbox 282 2775 419 2826; x_wconf 79' lang='lat' dir='ltr'><strong>Graecinus</strong></span> <span class='ocrx_word' id='word_1_137' title='bbox 450 2775 598 2824; x_wconf 83' lang='lat' dir='ltr'><strong>acenimam</strong></span> <span class='ocrx_word' id='word_1_138' title='bbox 624 2789 721 2838; x_wconf 88' lang='lat' dir='ltr'><strong>semper</strong></span> 
     </span>
     <span class='ocr_line' id='line_1_28' title="bbox 168 2857 718 2920; baseline -0.007 -12"><span class='ocrx_word' id='word_1_139' title='bbox 168 2859 258 2908; x_wconf 88' lang='lat' dir='ltr'><strong>habuit</strong></span> <span class='ocrx_word' id='word_1_140' title='bbox 282 2857 392 2906; x_wconf 90' lang='lat' dir='ltr'><strong>studium</strong></span> <span class='ocrx_word' id='word_1_141' title='bbox 408 2857 564 2920; x_wconf 82' lang='lat' dir='ltr'><strong>eloquentiae</strong></span> <span class='ocrx_word' id='word_1_142' title='bbox 582 2863 606 2904; x_wconf 89' lang='lat' dir='ltr'><strong>ct</strong></span> <span class='ocrx_word' id='word_1_143' title='bbox 624 2858 718 2920; x_wconf 90' lang='lat' dir='ltr'><strong>sapien-</strong></span> 
     </span>
     <span class='ocr_line' id='line_1_29' title="bbox 168 2937 720 3004; baseline -0.009 -14"><span class='ocrx_word' id='word_1_144' title='bbox 168 2942 233 3002; x_wconf 89' lang='lat' dir='ltr'><strong>tiae,</strong></span> <span class='ocrx_word' id='word_1_145' title='bbox 259 2953 338 3004; x_wconf 85' lang='lat' dir='ltr'><strong>eoque</strong></span> <span class='ocrx_word' id='word_1_146' title='bbox 354 2938 435 2986; x_wconf 88' lang='lat' dir='ltr'><strong>studio</strong></span> <span class='ocrx_word' id='word_1_147' title='bbox 453 2937 645 2998; x_wconf 87' lang='lat' dir='ltr'><strong>nobilitabatur,</strong></span> <span class='ocrx_word' id='word_1_148' title='bbox 663 2939 720 2996; x_wconf 89' lang='lat' dir='ltr'><strong>sed,</strong></span> 
     </span>
     <span class='ocr_line' id='line_1_30' title="bbox 168 3019 720 3086; baseline -0.007 -16"><span class='ocrx_word' id='word_1_149' title='bbox 168 3022 229 3086; x_wconf 87' lang='lat' dir='ltr'><strong>qaia</strong></span> <span class='ocrx_word' id='word_1_150' title='bbox 254 3021 365 3069; x_wconf 89' lang='lat' dir='ltr'><strong>studium</strong></span> <span class='ocrx_word' id='word_1_151' title='bbox 389 3019 501 3084; x_wconf 85' lang='lat' dir='ltr'><strong>egregios</strong></span> <span class='ocrx_word' id='word_1_152' title='bbox 527 3019 621 3068; x_wconf 79' lang='lat' dir='ltr'><strong>finctus</strong></span> <span class='ocrx_word' id='word_1_153' title='bbox 646 3019 720 3078; x_wconf 88' lang='lat' dir='ltr'><strong>tulit,</strong></span> 
     </span>
     <span class='ocr_line' id='line_1_31' title="bbox 169 3100 721 3164; baseline -0.002 -16"><span class='ocrx_word' id='word_1_154' title='bbox 169 3102 252 3150; x_wconf 85' lang='lat' dir='ltr'><strong>factus</strong></span> <span class='ocrx_word' id='word_1_155' title='bbox 277 3108 315 3150; x_wconf 91' lang='lat' dir='ltr'><strong>est</strong></span> <span class='ocrx_word' id='word_1_156' title='bbox 339 3100 552 3164; x_wconf 87' lang='lat' dir='ltr'><strong>eloquentissimus</strong></span> <span class='ocrx_word' id='word_1_157' title='bbox 578 3109 603 3150; x_wconf 93' lang='lat' dir='ltr'><strong>et</strong></span> <span class='ocrx_word' id='word_1_158' title='bbox 627 3100 721 3163; x_wconf 88' lang='lat' dir='ltr'><strong>sapien-</strong></span> 
     </span>
     <span class='ocr_line' id='line_1_32' title="bbox 170 3179 723 3232; baseline -0.005 0"><span class='ocrx_word' id='word_1_159' title='bbox 170 3183 294 3232; x_wconf 87' lang='lat' dir='ltr'><strong>tissimas.</strong></span> <span class='ocrx_word' id='word_1_160' title='bbox 326 3182 366 3230; x_wconf 92' lang='lat' dir='ltr'><strong>Ita</strong></span> <span class='ocrx_word' id='word_1_161' title='bbox 387 3182 489 3231; x_wconf 86' lang='lat' dir='ltr'><strong>meritus</strong></span> <span class='ocrx_word' id='word_1_162' title='bbox 515 3187 552 3229; x_wconf 90' lang='lat' dir='ltr'><strong>est</strong></span> <span class='ocrx_word' id='word_1_163' title='bbox 576 3183 639 3230; x_wconf 87' lang='lat' dir='ltr'><strong>iram</strong></span> <span class='ocrx_word' id='word_1_164' title='bbox 665 3179 723 3230; x_wconf 88' lang='lat' dir='ltr'><strong>Gaii</strong></span> 
     </span>
     <span class='ocr_line' id='line_1_33' title="bbox 171 3263 723 3327; baseline -0.007 -13"><span class='ocrx_word' id='word_1_165' title='bbox 171 3264 296 3314; x_wconf 88' lang='lat' dir='ltr'><strong>Caesaris.</strong></span> <span class='ocrx_word' id='word_1_166' title='bbox 322 3263 470 3327; x_wconf 84' lang='lat' dir='ltr'><strong>Eloquentia</strong></span> <span class='ocrx_word' id='word_1_167' title='bbox 495 3263 542 3311; x_wconf 88' lang='lat' dir='ltr'><strong>fuit</strong></span> <span class='ocrx_word' id='word_1_168' title='bbox 562 3277 661 3322; x_wconf 82' lang='lat' dir='ltr'><strong>caussa,</strong></span> <span class='ocrx_word' id='word_1_169' title='bbox 679 3277 723 3310; x_wconf 90' lang='lat' dir='ltr'><strong>car</strong></span> 
     </span>
     <span class='ocr_line' id='line_1_34' title="bbox 169 3344 723 3409; baseline -0.005 -13"><span class='ocrx_word' id='word_1_170' title='bbox 169 3349 252 3396; x_wconf 90' lang='lat' dir='ltr'><strong>iussus</strong></span> <span class='ocrx_word' id='word_1_171' title='bbox 261 3345 293 3394; x_wconf 91' lang='lat' dir='ltr'><strong>sit</strong></span> <span class='ocrx_word' id='word_1_172' title='bbox 301 3359 414 3394; x_wconf 79' lang='lat' dir='ltr'><strong>mansere</strong></span> <span class='ocrx_word' id='word_1_173' title='bbox 424 3344 548 3402; x_wconf 87' lang='lat' dir='ltr'><strong>Silanum,</strong></span> <span class='ocrx_word' id='word_1_174' title='bbox 554 3345 674 3409; x_wconf 88' lang='lat' dir='ltr'><strong>sapientia</strong></span> <span class='ocrx_word' id='word_1_175' title='bbox 680 3360 723 3393; x_wconf 90' lang='lat' dir='ltr'><strong>car</strong></span> 
     </span>
     <span class='ocr_line' id='line_1_35' title="bbox 170 3427 721 3490; baseline -0.004 -14"><span class='ocrx_word' id='word_1_176' title='bbox 170 3428 287 3476; x_wconf 88' lang='lat' dir='ltr'><strong>noluerit.</strong></span> <span class='ocrx_word' id='word_1_177' title='bbox 302 3427 438 3490; x_wconf 87' lang='lat' dir='ltr'><strong>Praecepta</strong></span> <span class='ocrx_word' id='word_1_178' title='bbox 452 3427 587 3490; x_wconf 87' lang='lat' dir='ltr'><strong>sapientiae</strong></span> <span class='ocrx_word' id='word_1_179' title='bbox 596 3428 721 3476; x_wconf 88' lang='lat' dir='ltr'><strong>vetabant.</strong></span> 
     </span>
     <span class='ocr_line' id='line_1_36' title="bbox 171 3507 723 3570; baseline -0.005 -11"><span class='ocrx_word' id='word_1_180' title='bbox 171 3510 210 3559; x_wconf 85' lang='lat' dir='ltr'><strong>lla</strong></span> <span class='ocrx_word' id='word_1_181' title='bbox 216 3509 339 3558; x_wconf 89' lang='lat' dir='ltr'><strong>docebant</strong></span> <span class='ocrx_word' id='word_1_182' title='bbox 348 3509 464 3567; x_wconf 89' lang='lat' dir='ltr'><strong>virtutes,</strong></span> <span class='ocrx_word' id='word_1_183' title='bbox 474 3508 639 3570; x_wconf 81' lang='lat' dir='ltr'><strong>iuhebantque</strong></span> <span class='ocrx_word' id='word_1_184' title='bbox 645 3507 723 3556; x_wconf 90' lang='lat' dir='ltr'><strong>homi-</strong></span> 
     </span>
     <span class='ocr_line' id='line_1_37' title="bbox 170 3588 724 3653; baseline -0.005 -14"><span class='ocrx_word' id='word_1_185' title='bbox 170 3604 215 3639; x_wconf 87' lang='lat' dir='ltr'><strong>nes</strong></span> <span class='ocrx_word' id='word_1_186' title='bbox 223 3589 604 3653; x_wconf 87' lang='lat' dir='ltr'><strong>aasuonmagiscontcmplando</strong></span> <span class='ocrx_word' id='word_1_187' title='bbox 612 3588 724 3650; x_wconf 89' lang='lat' dir='ltr'><strong>diligere,</strong></span> 
     </span>
     <span class='ocr_line' id='line_1_38' title="bbox 169 3670 710 3736; baseline -0.007 -15"><span class='ocrx_word' id='word_1_188' title='bbox 169 3687 246 3736; x_wconf 89' lang='lat' dir='ltr'><strong>quam</strong></span> <span class='ocrx_word' id='word_1_189' title='bbox 261 3672 374 3720; x_wconf 90' lang='lat' dir='ltr'><strong>moribus</strong></span> <span class='ocrx_word' id='word_1_190' title='bbox 391 3677 416 3720; x_wconf 90' lang='lat' dir='ltr'><strong>et</strong></span> <span class='ocrx_word' id='word_1_191' title='bbox 431 3670 502 3720; x_wconf 85' lang='lat' dir='ltr'><strong>iactis</strong></span> <span class='ocrx_word' id='word_1_192' title='bbox 518 3676 710 3734; x_wconf 87' lang='lat' dir='ltr'><strong>repraesentare.</strong></span> 
     </span>
    </p>

    <p class='ocr_par' dir='ltr' id='par_1_6' title="bbox 204 3749 724 3817">
     <span class='ocr_line' id='line_1_39' title="bbox 204 3749 724 3817; baseline -0.006 -15"><span class='ocrx_word' id='word_1_193' title='bbox 204 3749 336 3804; x_wconf 75' lang='lat' dir='ltr'><strong>illecebris</strong></span> <span class='ocrx_word' id='word_1_194' title='bbox 350 3752 514 3817; x_wconf 83' lang='lat' dir='ltr'><strong>peccantiam.</strong></span> <span class='ocrx_word' id='word_1_195' title='bbox 534 3750 724 3814; x_wconf 82' lang='lat' dir='ltr'><strong>Agricolapuar</strong></span> 
     </span>
    </p>
   </div>
   <div class='ocr_carea' id='block_1_5' title="bbox 86 3833 723 3896">
    <p class='ocr_par' dir='ltr' id='par_1_7' title="bbox 86 3833 723 3896">
     <span class='ocr_line' id='line_1_40' title="bbox 86 3833 723 3896; baseline -0.003 -12"><span class='ocrx_word' id='word_1_196' title='bbox 86 3861 91 3874; x_wconf 86' lang='lat'><strong>·</strong></span> <span class='ocrx_word' id='word_1_197' title='bbox 172 3841 196 3884; x_wconf 89' lang='lat' dir='ltr'><strong>et</strong></span> <span class='ocrx_word' id='word_1_198' title='bbox 229 3835 374 3884; x_wconf 82' lang='lat' dir='ltr'><strong>adolescens</strong></span> <span class='ocrx_word' id='word_1_199' title='bbox 398 3841 464 3884; x_wconf 85' lang='lat' dir='ltr'><strong>ceste</strong></span> <span class='ocrx_word' id='word_1_200' title='bbox 489 3833 626 3896; x_wconf 84' lang='lat' dir='ltr'><strong>pudiceque</strong></span> <span class='ocrx_word' id='word_1_201' title='bbox 650 3833 723 3882; x_wconf 83' lang='lat' dir='ltr'><strong>vixit.</strong></span> 
     </span>
    </p>
   </div>
   <div class='ocr_carea' id='block_1_6' title="bbox 172 3915 725 4470">
    <p class='ocr_par' dir='ltr' id='par_1_8' title="bbox 172 3915 725 4470">
     <span class='ocr_line' id='line_1_41' title="bbox 173 3915 723 3980; baseline -0.002 -16"><span class='ocrx_word' id='word_1_202' title='bbox 173 3917 291 3966; x_wconf 83' lang='lat' dir='ltr'><strong>Habebat</strong></span> <span class='ocrx_word' id='word_1_203' title='bbox 307 3915 399 3980; x_wconf 89' lang='lat' dir='ltr'><strong>qnippe</strong></span> <span class='ocrx_word' id='word_1_204' title='bbox 416 3921 532 3964; x_wconf 87' lang='lat' dir='ltr'><strong>naturam</strong></span> <span class='ocrx_word' id='word_1_205' title='bbox 550 3915 649 3964; x_wconf 80' lang='lat' dir='ltr'><strong>avitiis</strong></span> <span class='ocrx_word' id='word_1_206' title='bbox 666 3915 723 3964; x_wconf 88' lang='lat' dir='ltr'><strong>alie·</strong></span> 
     </span>
     <span class='ocr_line' id='line_1_42' title="bbox 172 3997 723 4056; baseline 0 -11"><span class='ocrx_word' id='word_1_207' title='bbox 172 4012 245 4056; x_wconf 89' lang='lat' dir='ltr'><strong>nam;</strong></span> <span class='ocrx_word' id='word_1_208' title='bbox 271 4004 296 4046; x_wconf 91' lang='lat' dir='ltr'><strong>et</strong></span> <span class='ocrx_word' id='word_1_209' title='bbox 322 3997 450 4056; x_wconf 86' lang='lat' dir='ltr'><strong>Massilia,</strong></span> <span class='ocrx_word' id='word_1_210' title='bbox 474 3997 518 4046; x_wconf 90' lang='lat' dir='ltr'><strong>ubi</strong></span> <span class='ocrx_word' id='word_1_211' title='bbox 534 3997 616 4045; x_wconf 89' lang='lat' dir='ltr'><strong>stadia</strong></span> <span class='ocrx_word' id='word_1_212' title='bbox 633 4002 657 4044; x_wconf 91' lang='lat' dir='ltr'><strong>et</strong></span> <span class='ocrx_word' id='word_1_213' title='bbox 673 4011 723 4045; x_wconf 91' lang='lat' dir='ltr'><strong>me·</strong></span> 
     </span>
     <span class='ocr_line' id='line_1_43' title="bbox 173 4077 724 4144; baseline -0.011 -13"><span class='ocrx_word' id='word_1_214' title='bbox 173 4080 245 4144; x_wconf 81' lang='lat' dir='ltr'><strong>gistri</strong></span> <span class='ocrx_word' id='word_1_215' title='bbox 279 4079 373 4128; x_wconf 84' lang='lat' dir='ltr'><strong>eximie</strong></span> <span class='ocrx_word' id='word_1_216' title='bbox 405 4079 536 4136; x_wconf 89' lang='lat' dir='ltr'><strong>florerent,</strong></span> <span class='ocrx_word' id='word_1_217' title='bbox 562 4077 724 4140; x_wconf 87' lang='lat' dir='ltr'><strong>vigerentque</strong></span> 
     </span>
     <span class='ocr_line' id='line_1_44' title="bbox 174 4159 723 4224; baseline -0.007 -13"><span class='ocrx_word' id='word_1_218' title='bbox 174 4160 270 4212; x_wconf 88' lang='lat' dir='ltr'><strong>Graeca</strong></span> <span class='ocrx_word' id='word_1_219' title='bbox 294 4160 399 4209; x_wconf 86' lang='lat' dir='ltr'><strong>comitae</strong></span> <span class='ocrx_word' id='word_1_220' title='bbox 424 4166 449 4210; x_wconf 90' lang='lat' dir='ltr'><strong>et</strong></span> <span class='ocrx_word' id='word_1_221' title='bbox 473 4159 632 4222; x_wconf 88' lang='lat' dir='ltr'><strong>provincialis</strong></span> <span class='ocrx_word' id='word_1_222' title='bbox 648 4159 723 4224; x_wconf 90' lang='lat' dir='ltr'><strong>parsi·</strong></span> 
     </span>
     <span class='ocr_line' id='line_1_45' title="bbox 174 4240 724 4304; baseline -0.007 -12"><span class='ocrx_word' id='word_1_223' title='bbox 174 4243 273 4302; x_wconf 90' lang='lat' dir='ltr'><strong>monia,</strong></span> <span class='ocrx_word' id='word_1_224' title='bbox 299 4257 351 4292; x_wconf 90' lang='lat' dir='ltr'><strong>non</strong></span> <span class='ocrx_word' id='word_1_225' title='bbox 368 4242 508 4292; x_wconf 87' lang='lat' dir='ltr'><strong>ostentabat</strong></span> <span class='ocrx_word' id='word_1_226' title='bbox 525 4240 653 4290; x_wconf 86' lang='lat' dir='ltr'><strong>illecebras</strong></span> <span class='ocrx_word' id='word_1_227' title='bbox 667 4255 724 4304; x_wconf 81' lang='lat' dir='ltr'><strong>pec-</strong></span> 
     </span>
     <span class='ocr_line' id='line_1_46' title="bbox 175 4322 725 4386; baseline -0.002 -14"><span class='ocrx_word' id='word_1_228' title='bbox 175 4324 289 4374; x_wconf 83' lang='lat' dir='ltr'><strong>cantiam.</strong></span> <span class='ocrx_word' id='word_1_229' title='bbox 322 4322 411 4386; x_wconf 88' lang='lat' dir='ltr'><strong>Cogita</strong></span> <span class='ocrx_word' id='word_1_230' title='bbox 442 4338 474 4372; x_wconf 90' lang='lat' dir='ltr'><strong>an</strong></span> <span class='ocrx_word' id='word_1_231' title='bbox 502 4337 554 4371; x_wconf 89' lang='lat' dir='ltr'><strong>non</strong></span> <span class='ocrx_word' id='word_1_232' title='bbox 579 4322 668 4372; x_wconf 86' lang='lat' dir='ltr'><strong>melius</strong></span> <span class='ocrx_word' id='word_1_233' title='bbox 693 4323 725 4371; x_wconf 90' lang='lat' dir='ltr'><strong>sit</strong></span> 
     </span>
     <span class='ocr_line' id='line_1_47' title="bbox 173 4401 725 4470; baseline -0.002 -18"><span class='ocrx_word' id='word_1_234' title='bbox 173 4404 302 4470; x_wconf 80' lang='lat' dir='ltr'><strong>peccandi.</strong></span> <span class='ocrx_word' id='word_1_235' title='bbox 322 4404 410 4456; x_wconf 85' lang='lat' dir='ltr'><strong>Cicero</strong></span> <span class='ocrx_word' id='word_1_236' title='bbox 427 4420 472 4467; x_wconf 79' lang='lat' dir='ltr'><strong>pro</strong></span> <span class='ocrx_word' id='word_1_237' title='bbox 490 4405 587 4454; x_wconf 88' lang='lat' dir='ltr'><strong>Milone</strong></span> <span class='ocrx_word' id='word_1_238' title='bbox 607 4409 645 4452; x_wconf 87' lang='grc'><strong>18.</strong></span> <span class='ocrx_word' id='word_1_239' title='bbox 663 4401 725 4458; x_wconf 78' lang='lat' dir='ltr'><strong>Quis</strong></span> 
     </span>
    </p>
   </div>
   <div class='ocr_carea' id='block_1_7' title="bbox 762 1065 1319 4470">
    <p class='ocr_par' dir='ltr' id='par_1_9' title="bbox 762 1065 1317 2352">
     <span class='ocr_line' id='line_1_48' title="bbox 765 1065 1315 1140; baseline 0.022 -27"><span class='ocrx_word' id='word_1_240' title='bbox 765 1065 876 1130; x_wconf 73' lang='lat' dir='ltr'><strong>ignorat,</strong></span> <span class='ocrx_word' id='word_1_241' title='bbox 893 1069 1023 1117; x_wconf 59' lang='lat' dir='ltr'><strong>maumam</strong></span> <span class='ocrx_word' id='word_1_242' title='bbox 1040 1067 1179 1120; x_wconf 83' lang='lat' dir='ltr'><strong>illecebram</strong></span> <span class='ocrx_word' id='word_1_243' title='bbox 1195 1088 1248 1122; x_wconf 85' lang='lat' dir='ltr'><strong>esse</strong></span> <span class='ocrx_word' id='word_1_244' title='bbox 1258 1090 1315 1140; x_wconf 86' lang='lat' dir='ltr'><strong>pec-</strong></span> 
     </span>
     <span class='ocr_line' id='line_1_49' title="bbox 766 1145 1316 1216; baseline 0.024 -23"><span class='ocrx_word' id='word_1_245' title='bbox 766 1145 840 1196; x_wconf 84' lang='lat' dir='ltr'><strong>candi</strong></span> <span class='ocrx_word' id='word_1_246' title='bbox 872 1148 1029 1212; x_wconf 84' lang='lat' dir='ltr'><strong>impunitatis</strong></span> <span class='ocrx_word' id='word_1_247' title='bbox 1062 1157 1147 1216; x_wconf 77' lang='lat' dir='ltr'><strong>sperat</strong></span> <span class='ocrx_word' id='word_1_248' title='bbox 1179 1151 1316 1206; x_wconf 84' lang='lat' dir='ltr'><strong>Illeeebrae</strong></span> 
     </span>
     <span class='ocr_line' id='line_1_50' title="bbox 764 1231 1316 1300; baseline 0.02 -23"><span class='ocrx_word' id='word_1_249' title='bbox 764 1231 921 1292; x_wconf 77' lang='lat' dir='ltr'><strong>peccantium</strong></span> <span class='ocrx_word' id='word_1_250' title='bbox 954 1238 1089 1290; x_wconf 81' lang='lat' dir='ltr'><strong>vocannrr,</strong></span> <span class='ocrx_word' id='word_1_251' title='bbox 1115 1240 1237 1299; x_wconf 86' lang='lat' dir='ltr'><strong>quatenus</strong></span> <span class='ocrx_word' id='word_1_252' title='bbox 1261 1251 1316 1300; x_wconf 86' lang='lat' dir='ltr'><strong>pec·</strong></span> 
     </span>
     <span class='ocr_line' id='line_1_51' title="bbox 764 1312 1316 1376; baseline 0.02 -18"><span class='ocrx_word' id='word_1_253' title='bbox 764 1317 849 1360; x_wconf 92' lang='lat' dir='ltr'><strong>cantes</strong></span> <span class='ocrx_word' id='word_1_254' title='bbox 875 1312 991 1376; x_wconf 84' lang='lat' dir='ltr'><strong>exemplo</strong></span> <span class='ocrx_word' id='word_1_255' title='bbox 1017 1313 1079 1362; x_wconf 87' lang='lat' dir='ltr'><strong>alios</strong></span> <span class='ocrx_word' id='word_1_256' title='bbox 1102 1315 1134 1363; x_wconf 90' lang='lat' dir='ltr'><strong>ad</strong></span> <span class='ocrx_word' id='word_1_257' title='bbox 1151 1315 1316 1370; x_wconf 87' lang='lat' dir='ltr'><strong>imitationem</strong></span> 
     </span>
     <span class='ocr_line' id='line_1_52' title="bbox 765 1391 1315 1461; baseline 0.02 -22"><span class='ocrx_word' id='word_1_258' title='bbox 765 1391 885 1442; x_wconf 87' lang='lat' dir='ltr'><strong>illiciunt:</strong></span> <span class='ocrx_word' id='word_1_259' title='bbox 912 1409 1064 1460; x_wconf 84' lang='lat' dir='ltr'><strong>quemquam</strong></span> <span class='ocrx_word' id='word_1_260' title='bbox 1089 1395 1137 1445; x_wconf 93' lang='lat' dir='ltr'><strong>hoc</strong></span> <span class='ocrx_word' id='word_1_261' title='bbox 1161 1399 1242 1461; x_wconf 86' lang='lat' dir='ltr'><strong>magis</strong></span> <span class='ocrx_word' id='word_1_262' title='bbox 1268 1400 1315 1450; x_wconf 86' lang='lat' dir='ltr'><strong>La·</strong></span> 
     </span>
     <span class='ocr_line' id='line_1_53' title="bbox 765 1474 1316 1530; baseline 0.016 -8"><span class='ocrx_word' id='word_1_263' title='bbox 765 1474 817 1522; x_wconf 89' lang='lat' dir='ltr'><strong>tine</strong></span> <span class='ocrx_word' id='word_1_264' title='bbox 841 1475 964 1526; x_wconf 87' lang='lat' dir='ltr'><strong>diceretur</strong></span> <span class='ocrx_word' id='word_1_265' title='bbox 990 1476 1091 1525; x_wconf 86' lang='lat' dir='ltr'><strong>arcebat</strong></span> <span class='ocrx_word' id='word_1_266' title='bbox 1116 1492 1169 1526; x_wconf 87' lang='lat' dir='ltr'><strong>eam</strong></span> <span class='ocrx_word' id='word_1_267' title='bbox 1191 1481 1222 1530; x_wconf 84' lang='lat' dir='ltr'><strong>ab</strong></span> <span class='ocrx_word' id='word_1_268' title='bbox 1241 1496 1316 1530; x_wconf 78' lang='lat' dir='ltr'><strong>esem·</strong></span> 
     </span>
     <span class='ocr_line' id='line_1_54' title="bbox 762 1553 1316 1626; baseline 0.02 -24"><span class='ocrx_word' id='word_1_269' title='bbox 762 1553 816 1620; x_wconf 80' lang='lat' dir='ltr'><strong>plia</strong></span> <span class='ocrx_word' id='word_1_270' title='bbox 828 1557 993 1621; x_wconf 81' lang='lat' dir='ltr'><strong>peccantiam.</strong></span> <span class='ocrx_word' id='word_1_271' title='bbox 1012 1553 1150 1608; x_wconf 77' lang='lat' dir='ltr'><strong>illecebrae</strong></span> <span class='ocrx_word' id='word_1_272' title='bbox 1166 1576 1316 1626; x_wconf 82' lang='lat' dir='ltr'><strong>quoqueve-</strong></span> 
     </span>
     <span class='ocr_line' id='line_1_55' title="bbox 765 1639 1316 1708; baseline 0.018 -23"><span class='ocrx_word' id='word_1_273' title='bbox 765 1644 852 1686; x_wconf 88' lang='lat' dir='ltr'><strong>cantur</strong></span> <span class='ocrx_word' id='word_1_274' title='bbox 876 1639 954 1688; x_wconf 79' lang='lat' dir='ltr'><strong>verba</strong></span> <span class='ocrx_word' id='word_1_275' title='bbox 970 1645 995 1688; x_wconf 89' lang='lat' dir='ltr'><strong>et</strong></span> <span class='ocrx_word' id='word_1_276' title='bbox 1011 1639 1209 1702; x_wconf 85' lang='lat' dir='ltr'><strong>cohortationes,</strong></span> <span class='ocrx_word' id='word_1_277' title='bbox 1226 1645 1316 1708; x_wconf 88' lang='lat' dir='ltr'><strong>quibus</strong></span> 
     </span>
     <span class='ocr_line' id='line_1_56' title="bbox 764 1721 1315 1786; baseline 0.016 -19"><span class='ocrx_word' id='word_1_278' title='bbox 764 1725 895 1784; x_wconf 86' lang='lat' dir='ltr'><strong>peccantes</strong></span> <span class='ocrx_word' id='word_1_279' title='bbox 912 1721 1019 1770; x_wconf 91' lang='lat' dir='ltr'><strong>illiciunt</strong></span> <span class='ocrx_word' id='word_1_280' title='bbox 1036 1722 1097 1772; x_wconf 84' lang='lat' dir='ltr'><strong>alios</strong></span> <span class='ocrx_word' id='word_1_281' title='bbox 1115 1725 1315 1786; x_wconf 86' lang='lat' dir='ltr'><strong>adpeccandum.</strong></span> 
     </span>
     <span class='ocr_line' id='line_1_57' title="bbox 766 1800 1317 1864; baseline 0.015 -14"><span class='ocrx_word' id='word_1_282' title='bbox 766 1801 800 1850; x_wconf 86' lang='lat' dir='ltr'><strong>Et</strong></span> <span class='ocrx_word' id='word_1_283' title='bbox 824 1800 871 1850; x_wconf 90' lang='lat' dir='ltr'><strong>hoc</strong></span> <span class='ocrx_word' id='word_1_284' title='bbox 896 1815 969 1864; x_wconf 83' lang='lat' dir='ltr'><strong>saepe</strong></span> <span class='ocrx_word' id='word_1_285' title='bbox 993 1803 1035 1861; x_wconf 87' lang='lat' dir='ltr'><strong>fit,</strong></span> <span class='ocrx_word' id='word_1_286' title='bbox 1060 1809 1089 1851; x_wconf 91' lang='lat' dir='ltr'><strong>ut</strong></span> <span class='ocrx_word' id='word_1_287' title='bbox 1113 1805 1174 1854; x_wconf 86' lang='lat' dir='ltr'><strong>mali</strong></span> <span class='ocrx_word' id='word_1_288' title='bbox 1191 1807 1252 1856; x_wconf 91' lang='lat' dir='ltr'><strong>alios</strong></span> <span class='ocrx_word' id='word_1_289' title='bbox 1269 1809 1317 1858; x_wconf 91' lang='lat' dir='ltr'><strong>sibi</strong></span> 
     </span>
     <span class='ocr_line' id='line_1_58' title="bbox 766 1882 1317 1945; baseline 0.016 -15"><span class='ocrx_word' id='word_1_290' title='bbox 766 1882 859 1932; x_wconf 86' lang='lat' dir='ltr'><strong>similes</strong></span> <span class='ocrx_word' id='word_1_291' title='bbox 883 1882 937 1930; x_wconf 88' lang='lat' dir='ltr'><strong>fieri</strong></span> <span class='ocrx_word' id='word_1_292' title='bbox 959 1883 1067 1945; x_wconf 88' lang='lat' dir='ltr'><strong>cupiant.</strong></span> <span class='ocrx_word' id='word_1_293' title='bbox 1086 1883 1138 1934; x_wconf 87' lang='lat' dir='ltr'><strong>Sed</strong></span> <span class='ocrx_word' id='word_1_294' title='bbox 1154 1893 1225 1936; x_wconf 88' lang='lat' dir='ltr'><strong>tanta</strong></span> <span class='ocrx_word' id='word_1_295' title='bbox 1240 1888 1317 1938; x_wconf 89' lang='lat' dir='ltr'><strong>malo·</strong></span> 
     </span>
     <span class='ocr_line' id='line_1_59' title="bbox 764 1964 1316 2028; baseline 0.013 -16"><span class='ocrx_word' id='word_1_296' title='bbox 764 1978 822 2012; x_wconf 88' lang='lat' dir='ltr'><strong>rum</strong></span> <span class='ocrx_word' id='word_1_297' title='bbox 854 1964 988 2012; x_wconf 86' lang='lat' dir='ltr'><strong>multitado</strong></span> <span class='ocrx_word' id='word_1_298' title='bbox 1013 1978 1065 2012; x_wconf 91' lang='lat' dir='ltr'><strong>non</strong></span> <span class='ocrx_word' id='word_1_299' title='bbox 1091 1972 1145 2014; x_wconf 87' lang='lat' dir='ltr'><strong>erat</strong></span> <span class='ocrx_word' id='word_1_300' title='bbox 1172 1967 1316 2028; x_wconf 85' lang='lat' dir='ltr'><strong>Massiliae,</strong></span> 
     </span>
     <span class='ocr_line' id='line_1_60' title="bbox 765 2044 1317 2108; baseline 0.014 -16"><span class='ocrx_word' id='word_1_301' title='bbox 765 2051 793 2093; x_wconf 90' lang='lat' dir='ltr'><strong>at</strong></span> <span class='ocrx_word' id='word_1_302' title='bbox 810 2045 869 2093; x_wconf 90' lang='lat' dir='ltr'><strong>inde</strong></span> <span class='ocrx_word' id='word_1_303' title='bbox 884 2045 1023 2108; x_wconf 87' lang='lat' dir='ltr'><strong>periculam</strong></span> <span class='ocrx_word' id='word_1_304' title='bbox 1040 2044 1176 2108; x_wconf 83' lang='lat' dir='ltr'><strong>Agricolae</strong></span> <span class='ocrx_word' id='word_1_305' title='bbox 1184 2047 1317 2100; x_wconf 89' lang='lat' dir='ltr'><strong>imminere</strong></span> 
     </span>
     <span class='ocr_line' id='line_1_61' title="bbox 764 2126 1317 2190; baseline 0.011 -16"><span class='ocrx_word' id='word_1_306' title='bbox 764 2132 855 2190; x_wconf 87' lang='lat' dir='ltr'><strong>posset.</strong></span> <span class='ocrx_word' id='word_1_307' title='bbox 890 2126 986 2175; x_wconf 85' lang='lat' dir='ltr'><strong>Romae</strong></span> <span class='ocrx_word' id='word_1_308' title='bbox 1020 2132 1072 2175; x_wconf 88' lang='lat' dir='ltr'><strong>arat</strong></span> <span class='ocrx_word' id='word_1_309' title='bbox 1102 2127 1248 2190; x_wconf 86' lang='lat' dir='ltr'><strong>periculum.</strong></span> <span class='ocrx_word' id='word_1_310' title='bbox 1283 2132 1317 2182; x_wconf 83' lang='lat' dir='ltr'><strong>Et</strong></span> 
     </span>
     <span class='ocr_line' id='line_1_62' title="bbox 767 2207 1316 2276; baseline 0.015 -22"><span class='ocrx_word' id='word_1_311' title='bbox 767 2207 876 2268; x_wconf 78' lang='lat' dir='ltr'><strong>Itomae,</strong></span> <span class='ocrx_word' id='word_1_312' title='bbox 900 2209 1015 2272; x_wconf 90' lang='lat' dir='ltr'><strong>quamvis</strong></span> <span class='ocrx_word' id='word_1_313' title='bbox 1040 2223 1091 2258; x_wconf 89' lang='lat' dir='ltr'><strong>noa</strong></span> <span class='ocrx_word' id='word_1_314' title='bbox 1106 2211 1258 2271; x_wconf 84' lang='lat' dir='ltr'><strong>nominatae,</strong></span> <span class='ocrx_word' id='word_1_315' title='bbox 1275 2228 1316 2276; x_wconf 91' lang='lat' dir='ltr'><strong>op·</strong></span> 
     </span>
     <span class='ocr_line' id='line_1_63' title="bbox 765 2289 999 2352; baseline 0.004 -15"><span class='ocrx_word' id='word_1_316' title='bbox 765 2289 866 2352; x_wconf 86' lang='lat' dir='ltr'><strong>ponitur</strong></span> <span class='ocrx_word' id='word_1_317' title='bbox 878 2289 999 2338; x_wconf 87' lang='lat' dir='ltr'><strong>Massilia.</strong></span> 
     </span>
    </p>

    <p class='ocr_par' dir='ltr' id='par_1_10' title="bbox 765 2366 1319 4470">
     <span class='ocr_line' id='line_1_64' title="bbox 789 2366 1317 2436; baseline 0.015 -21"><span class='ocrx_word' id='word_1_318' title='bbox 789 2366 894 2418; x_wconf 73' lang='lat' dir='ltr'><strong>Mittam</strong></span> <span class='ocrx_word' id='word_1_319' title='bbox 911 2384 941 2417; x_wconf 89' lang='lat' dir='ltr'><strong>ac</strong></span> <span class='ocrx_word' id='word_1_320' title='bbox 958 2370 1188 2436; x_wconf 82' lang='lat' dir='ltr'><strong>benecompositum.</strong></span> <span class='ocrx_word' id='word_1_321' title='bbox 1206 2371 1317 2424; x_wconf 82' lang='lat' dir='ltr'><strong>Miscere</strong></span> 
     </span>
     <span class='ocr_line' id='line_1_65' title="bbox 765 2450 1316 2516; baseline 0.013 -19"><span class='ocrx_word' id='word_1_322' title='bbox 765 2450 863 2512; x_wconf 88' lang='lat' dir='ltr'><strong>proprie</strong></span> <span class='ocrx_word' id='word_1_323' title='bbox 880 2450 1003 2512; x_wconf 86' lang='lat' dir='ltr'><strong>significat</strong></span> <span class='ocrx_word' id='word_1_324' title='bbox 1020 2451 1177 2516; x_wconf 71' lang='lat' dir='ltr'><strong>coniungere,</strong></span> <span class='ocrx_word' id='word_1_325' title='bbox 1193 2460 1235 2513; x_wconf 90' lang='lat' dir='ltr'><strong>at,</strong></span> <span class='ocrx_word' id='word_1_326' title='bbox 1253 2470 1277 2503; x_wconf 85' lang='lat' dir='ltr'><strong>v.</strong></span> <span class='ocrx_word' id='word_1_327' title='bbox 1293 2470 1316 2504; x_wconf 90' lang='lat' dir='ltr'><strong>c.</strong></span> 
     </span>
     <span class='ocr_line' id='line_1_66' title="bbox 765 2529 1317 2600; baseline 0.02 -25"><span class='ocrx_word' id='word_1_328' title='bbox 765 2529 845 2578; x_wconf 83' lang='lat' dir='ltr'><strong>vinum</strong></span> <span class='ocrx_word' id='word_1_329' title='bbox 862 2537 885 2578; x_wconf 90' lang='lat' dir='ltr'><strong>et</strong></span> <span class='ocrx_word' id='word_1_330' title='bbox 902 2546 1000 2593; x_wconf 78' lang='lat' dir='ltr'><strong>aquam.</strong></span> <span class='ocrx_word' id='word_1_331' title='bbox 1018 2533 1076 2582; x_wconf 91' lang='lat' dir='ltr'><strong>Hoc</strong></span> <span class='ocrx_word' id='word_1_332' title='bbox 1093 2536 1209 2599; x_wconf 83' lang='lat' dir='ltr'><strong>exemplo</strong></span> <span class='ocrx_word' id='word_1_333' title='bbox 1223 2537 1317 2600; x_wconf 89' lang='lat' dir='ltr'><strong>optime</strong></span> 
     </span>
     <span class='ocr_line' id='line_1_67' title="bbox 765 2609 1316 2682; baseline 0.022 -25"><span class='ocrx_word' id='word_1_334' title='bbox 765 2609 929 2674; x_wconf 88' lang='lat' dir='ltr'><strong>intelligitur,</strong></span> <span class='ocrx_word' id='word_1_335' title='bbox 953 2614 1015 2678; x_wconf 90' lang='lat' dir='ltr'><strong>qnid</strong></span> <span class='ocrx_word' id='word_1_336' title='bbox 1031 2615 1132 2666; x_wconf 85' lang='lat' dir='ltr'><strong>miseere</strong></span> <span class='ocrx_word' id='word_1_337' title='bbox 1147 2617 1253 2680; x_wconf 88' lang='lat' dir='ltr'><strong>figurate</strong></span> <span class='ocrx_word' id='word_1_338' title='bbox 1268 2619 1316 2682; x_wconf 87' lang='lat' dir='ltr'><strong>sig-</strong></span> 
     </span>
     <span class='ocr_line' id='line_1_68' title="bbox 765 2691 1316 2760; baseline 0.016 -21"><span class='ocrx_word' id='word_1_339' title='bbox 765 2691 856 2740; x_wconf 91' lang='lat' dir='ltr'><strong>nificet.</strong></span> <span class='ocrx_word' id='word_1_340' title='bbox 875 2692 998 2742; x_wconf 88' lang='lat' dir='ltr'><strong>Pocnlum</strong></span> <span class='ocrx_word' id='word_1_341' title='bbox 1014 2696 1106 2755; x_wconf 85' lang='lat' dir='ltr'><strong>miscet,</strong></span> <span class='ocrx_word' id='word_1_342' title='bbox 1123 2697 1226 2748; x_wconf 90' lang='lat' dir='ltr'><strong>mistum</strong></span> <span class='ocrx_word' id='word_1_343' title='bbox 1232 2699 1316 2760; x_wconf 89' lang='lat' dir='ltr'><strong>habet,</strong></span> 
     </span>
     <span class='ocr_line' id='line_1_69' title="bbox 765 2773 1318 2843; baseline 0.02 -24"><span class='ocrx_word' id='word_1_344' title='bbox 765 2773 853 2822; x_wconf 83' lang='lat' dir='ltr'><strong>vinam</strong></span> <span class='ocrx_word' id='word_1_345' title='bbox 879 2781 904 2824; x_wconf 90' lang='lat' dir='ltr'><strong>et</strong></span> <span class='ocrx_word' id='word_1_346' title='bbox 926 2791 1030 2842; x_wconf 89' lang='lat' dir='ltr'><strong>aquam,</strong></span> <span class='ocrx_word' id='word_1_347' title='bbox 1048 2778 1121 2828; x_wconf 89' lang='lat' dir='ltr'><strong>eain</strong></span> <span class='ocrx_word' id='word_1_348' title='bbox 1137 2782 1226 2843; x_wconf 90' lang='lat' dir='ltr'><strong>poculo</strong></span> <span class='ocrx_word' id='word_1_349' title='bbox 1243 2781 1318 2830; x_wconf 87' lang='lat' dir='ltr'><strong>mista</strong></span> 
     </span>
     <span class='ocr_line' id='line_1_70' title="bbox 766 2859 1317 2924; baseline 0.02 -23"><span class='ocrx_word' id='word_1_350' title='bbox 766 2859 838 2913; x_wconf 89' lang='lat' dir='ltr'><strong>sunt,</strong></span> <span class='ocrx_word' id='word_1_351' title='bbox 860 2871 953 2918; x_wconf 86' lang='lat' dir='ltr'><strong>magna</strong></span> <span class='ocrx_word' id='word_1_352' title='bbox 974 2873 1060 2908; x_wconf 84' lang='lat' dir='ltr'><strong>eorum</strong></span> <span class='ocrx_word' id='word_1_353' title='bbox 1076 2861 1148 2924; x_wconf 88' lang='lat' dir='ltr'><strong>copia</strong></span> <span class='ocrx_word' id='word_1_354' title='bbox 1163 2861 1240 2921; x_wconf 89' lang='lat' dir='ltr'><strong>inest,</strong></span> <span class='ocrx_word' id='word_1_355' title='bbox 1257 2863 1317 2912; x_wconf 88' lang='lat' dir='ltr'><strong>vino</strong></span> 
     </span>
     <span class='ocr_line' id='line_1_71' title="bbox 766 2937 1318 3002; baseline 0.011 -19"><span class='ocrx_word' id='word_1_356' title='bbox 766 2941 791 2984; x_wconf 90' lang='lat' dir='ltr'><strong>et</strong></span> <span class='ocrx_word' id='word_1_357' title='bbox 816 2950 881 2999; x_wconf 88' lang='lat' dir='ltr'><strong>aqua</strong></span> <span class='ocrx_word' id='word_1_358' title='bbox 902 2937 1033 3002; x_wconf 89' lang='lat' dir='ltr'><strong>impletum</strong></span> <span class='ocrx_word' id='word_1_359' title='bbox 1049 2947 1094 2989; x_wconf 90' lang='lat' dir='ltr'><strong>est.</strong></span> <span class='ocrx_word' id='word_1_360' title='bbox 1113 2940 1156 2989; x_wconf 86' lang='lat' dir='ltr'><strong>Sic</strong></span> <span class='ocrx_word' id='word_1_361' title='bbox 1172 2942 1276 2990; x_wconf 84' lang='lat' dir='ltr'><strong>comitas</strong></span> <span class='ocrx_word' id='word_1_362' title='bbox 1293 2949 1318 2992; x_wconf 91' lang='lat' dir='ltr'><strong>et</strong></span> 
     </span>
     <span class='ocr_line' id='line_1_72' title="bbox 766 3017 1318 3081; baseline 0.014 -18"><span class='ocrx_word' id='word_1_363' title='bbox 766 3017 918 3078; x_wconf 88' lang='lat' dir='ltr'><strong>parsimonie</strong></span> <span class='ocrx_word' id='word_1_364' title='bbox 944 3020 1050 3067; x_wconf 87' lang='lat' dir='ltr'><strong>miscent</strong></span> <span class='ocrx_word' id='word_1_365' title='bbox 1069 3021 1221 3081; x_wconf 88' lang='lat' dir='ltr'><strong>Massiliam,</strong></span> <span class='ocrx_word' id='word_1_366' title='bbox 1239 3028 1318 3070; x_wconf 86' lang='lat' dir='ltr'><strong>totam</strong></span> 
     </span>
     <span class='ocr_line' id='line_1_73' title="bbox 769 3095 1316 3156; baseline 0.02 -13"><span class='ocrx_word' id='word_1_367' title='bbox 769 3095 916 3146; x_wconf 89' lang='lat' dir='ltr'><strong>Massiliam.</strong></span> <span class='ocrx_word' id='word_1_368' title='bbox 952 3099 1081 3148; x_wconf 83' lang='lat' dir='ltr'><strong>Phaedrus</strong></span> <span class='ocrx_word' id='word_1_369' title='bbox 1107 3100 1171 3150; x_wconf 80' lang='lat' dir='ltr'><strong>Feb.</strong></span> <span class='ocrx_word' id='word_1_370' title='bbox 1198 3103 1249 3154; x_wconf 90' lang='lat' dir='ltr'><strong>IV.</strong></span> <span class='ocrx_word' id='word_1_371' title='bbox 1278 3109 1316 3156; x_wconf 82' lang='lat' dir='ltr'><strong>le.</strong></span> 
     </span>
     <span class='ocr_line' id='line_1_74' title="bbox 772 3173 1319 3243; baseline 0.022 -19"><span class='ocrx_word' id='word_1_372' title='bbox 772 3173 858 3226; x_wconf 87' lang='lat' dir='ltr'><strong>Totam</strong></span> <span class='ocrx_word' id='word_1_373' title='bbox 891 3180 951 3243; x_wconf 81' lang='lat' dir='ltr'><strong>qaia</strong></span> <span class='ocrx_word' id='word_1_374' title='bbox 976 3181 1051 3230; x_wconf 88' lang='lat' dir='ltr'><strong>eitam</strong></span> <span class='ocrx_word' id='word_1_375' title='bbox 1075 3183 1175 3233; x_wconf 89' lang='lat' dir='ltr'><strong>misceat</strong></span> <span class='ocrx_word' id='word_1_376' title='bbox 1200 3183 1269 3236; x_wconf 81' lang='lat' dir='ltr'><strong>dolor</strong></span> <span class='ocrx_word' id='word_1_377' title='bbox 1294 3196 1319 3236; x_wconf 86' lang='lat' dir='ltr'><strong>et</strong></span> 
     </span>
     <span class='ocr_line' id='line_1_75' title="bbox 767 3258 1317 3324; baseline 0.018 -16"><span class='ocrx_word' id='word_1_378' title='bbox 767 3258 892 3324; x_wconf 73' lang='lat' dir='ltr'><strong>gaudiam.</strong></span> <span class='ocrx_word' id='word_1_379' title='bbox 924 3263 1019 3313; x_wconf 81' lang='lat' dir='ltr'><strong>Statius</strong></span> <span class='ocrx_word' id='word_1_380' title='bbox 1052 3264 1115 3314; x_wconf 87' lang='lat' dir='ltr'><strong>Silv.</strong></span> <span class='ocrx_word' id='word_1_381' title='bbox 1143 3267 1197 3316; x_wconf 90' lang='lat'>111.</span> <span class='ocrx_word' id='word_1_382' title='bbox 1224 3283 1248 3317; x_wconf 83' lang='lat' dir='ltr'><strong>v.</strong></span> <span class='ocrx_word' id='word_1_383' title='bbox 1276 3274 1317 3320; x_wconf 84' lang='grc'><strong>93.</strong></span> 
     </span>
     <span class='ocr_line' id='line_1_76' title="bbox 771 3339 1317 3412; baseline 0.013 -22"><span class='ocrx_word' id='word_1_384' title='bbox 771 3339 840 3397; x_wconf 74' lang='lat' dir='ltr'><strong>tiata</strong></span> <span class='ocrx_word' id='word_1_385' title='bbox 863 3343 959 3393; x_wconf 82' lang='lat' dir='ltr'><strong>laudem</strong></span> <span class='ocrx_word' id='word_1_386' title='bbox 976 3346 1043 3395; x_wconf 83' lang='lat' dir='ltr'><strong>risos</strong></span> <span class='ocrx_word' id='word_1_387' title='bbox 1060 3347 1245 3412; x_wconf 80' lang='lat' dir='ltr'><strong>libertatemque</strong></span> <span class='ocrx_word' id='word_1_388' title='bbox 1263 3347 1317 3398; x_wconf 89' lang='lat' dir='ltr'><strong>Me·</strong></span> 
     </span>
     <span class='ocr_line' id='line_1_77' title="bbox 769 3423 1318 3484; baseline 0.015 -14"><span class='ocrx_word' id='word_1_389' title='bbox 769 3423 860 3474; x_wconf 73' lang='lat' dir='ltr'><strong>atandri</strong></span> <span class='ocrx_word' id='word_1_390' title='bbox 866 3463 871 3484; x_wconf 91' lang='lat'><strong>,</strong></span> <span class='ocrx_word' id='word_1_391' title='bbox 891 3423 970 3480; x_wconf 80' lang='lat' dir='ltr'><strong>Quam</strong></span> <span class='ocrx_word' id='word_1_392' title='bbox 983 3424 1110 3476; x_wconf 82' lang='lat' dir='ltr'><strong>Roaaaaas</strong></span> <span class='ocrx_word' id='word_1_393' title='bbox 1118 3427 1192 3477; x_wconf 83' lang='lat' dir='ltr'><strong>honae</strong></span> <span class='ocrx_word' id='word_1_394' title='bbox 1201 3437 1224 3476; x_wconf 87' lang='lat' dir='ltr'><strong>et</strong></span> <span class='ocrx_word' id='word_1_395' title='bbox 1236 3427 1318 3478; x_wconf 86' lang='lat' dir='ltr'><strong>Graia</strong></span> 
     </span>
     <span class='ocr_line' id='line_1_78' title="bbox 770 3503 1317 3569; baseline 0.011 -16"><span class='ocrx_word' id='word_1_396' title='bbox 770 3503 871 3554; x_wconf 81' lang='lat' dir='ltr'><strong>licentia</strong></span> <span class='ocrx_word' id='word_1_397' title='bbox 895 3506 1003 3555; x_wconf 85' lang='lat' dir='ltr'><strong>misceat.</strong></span> <span class='ocrx_word' id='word_1_398' title='bbox 1030 3508 1166 3569; x_wconf 87' lang='lat' dir='ltr'><strong>Ingentem</strong></span> <span class='ocrx_word' id='word_1_399' title='bbox 1190 3510 1317 3560; x_wconf 90' lang='lat' dir='ltr'><strong>coniuncti</strong></span> 
     </span>
     <span class='ocr_line' id='line_1_79' title="bbox 770 3587 1317 3654; baseline 0.013 -20"><span class='ocrx_word' id='word_1_400' title='bbox 770 3587 863 3648; x_wconf 89' lang='lat' dir='ltr'><strong>vigoris</strong></span> <span class='ocrx_word' id='word_1_401' title='bbox 896 3601 924 3636; x_wconf 87' lang='lat' dir='ltr'><strong>ec</strong></span> <span class='ocrx_word' id='word_1_402' title='bbox 949 3587 1058 3638; x_wconf 89' lang='lat' dir='ltr'><strong>lenitatis</strong></span> <span class='ocrx_word' id='word_1_403' title='bbox 1084 3590 1181 3654; x_wconf 83' lang='lat' dir='ltr'><strong>copiam</strong></span> <span class='ocrx_word' id='word_1_404' title='bbox 1203 3591 1317 3642; x_wconf 88' lang='lat' dir='ltr'><strong>Velleius</strong></span> 
     </span>
     <span class='ocr_line' id='line_1_80' title="bbox 770 3669 1317 3734; baseline 0.016 -19"><span class='ocrx_word' id='word_1_405' title='bbox 770 3669 868 3717; x_wconf 85' lang='lat' dir='ltr'><strong>Patere.</strong></span> <span class='ocrx_word' id='word_1_406' title='bbox 895 3669 933 3717; x_wconf 93' lang='lat' dir='ltr'><strong>II.</strong></span> <span class='ocrx_word' id='word_1_407' title='bbox 960 3673 991 3720; x_wconf 87' lang='lat'><strong>98</strong></span> <span class='ocrx_word' id='word_1_408' title='bbox 1010 3671 1159 3734; x_wconf 84' lang='lat' dir='ltr'><strong>expressisse</strong></span> <span class='ocrx_word' id='word_1_409' title='bbox 1175 3673 1274 3723; x_wconf 80' lang='lat' dir='ltr'><strong>videtur</strong></span> <span class='ocrx_word' id='word_1_410' title='bbox 1290 3675 1317 3724; x_wconf 93' lang='lat' dir='ltr'><strong>in</strong></span> 
     </span>
     <span class='ocr_line' id='line_1_81' title="bbox 771 3749 1318 3816; baseline 0.015 -18"><span class='ocrx_word' id='word_1_411' title='bbox 771 3749 932 3814; x_wconf 81' lang='lat' dir='ltr'><strong>superlativo:</strong></span> <span class='ocrx_word' id='word_1_412' title='bbox 958 3749 1001 3800; x_wconf 91' lang='lat' dir='ltr'><strong>De</strong></span> <span class='ocrx_word' id='word_1_413' title='bbox 1018 3769 1064 3816; x_wconf 84' lang='lat' dir='ltr'><strong>qao</strong></span> <span class='ocrx_word' id='word_1_414' title='bbox 1080 3753 1134 3802; x_wconf 85' lang='lat' dir='ltr'><strong>viro</strong></span> <span class='ocrx_word' id='word_1_415' title='bbox 1151 3752 1195 3802; x_wconf 82' lang='lat' dir='ltr'><strong>hac</strong></span> <span class='ocrx_word' id='word_1_416' title='bbox 1211 3756 1318 3806; x_wconf 83' lang='lat' dir='ltr'><strong>amnibus</strong></span> 
     </span>
     <span class='ocr_line' id='line_1_82' title="bbox 770 3831 1318 3897; baseline 0.011 -17"><span class='ocrx_word' id='word_1_417' title='bbox 770 3831 918 3881; x_wconf 80' lang='lat' dir='ltr'><strong>sentiendam</strong></span> <span class='ocrx_word' id='word_1_418' title='bbox 941 3848 971 3882; x_wconf 86' lang='lat' dir='ltr'><strong>aa</strong></span> <span class='ocrx_word' id='word_1_419' title='bbox 984 3832 1181 3897; x_wconf 82' lang='lat' dir='ltr'><strong>praedicandam</strong></span> <span class='ocrx_word' id='word_1_420' title='bbox 1198 3844 1248 3896; x_wconf 87' lang='lat' dir='ltr'><strong>est,</strong></span> <span class='ocrx_word' id='word_1_421' title='bbox 1265 3853 1318 3886; x_wconf 83' lang='lat' dir='ltr'><strong>esse</strong></span> 
     </span>
     <span class='ocr_line' id='line_1_83' title="bbox 769 3913 1318 3977; baseline 0.011 -15"><span class='ocrx_word' id='word_1_422' title='bbox 769 3929 847 3963; x_wconf 84' lang='lat' dir='ltr'><strong>mores</strong></span> <span class='ocrx_word' id='word_1_423' title='bbox 872 3913 925 3962; x_wconf 86' lang='lat' dir='ltr'><strong>eius</strong></span> <span class='ocrx_word' id='word_1_424' title='bbox 941 3913 1025 3977; x_wconf 76' lang='lat' dir='ltr'><strong>va&#39;qore</strong></span> <span class='ocrx_word' id='word_1_425' title='bbox 1041 3930 1071 3962; x_wconf 85' lang='lat' dir='ltr'><strong>aa</strong></span> <span class='ocrx_word' id='word_1_426' title='bbox 1089 3913 1189 3965; x_wconf 82' lang='lat' dir='ltr'><strong>lenitate</strong></span> <span class='ocrx_word' id='word_1_427' title='bbox 1205 3917 1318 3968; x_wconf 74' lang='lat' dir='ltr'><strong>mittissi-</strong></span> 
     </span>
     <span class='ocr_line' id='line_1_84' title="bbox 769 3995 1317 4062; baseline 0.011 -19"><span class='ocrx_word' id='word_1_428' title='bbox 769 4013 827 4044; x_wconf 88' lang='lat' dir='ltr'><strong>mos.</strong></span> <span class='ocrx_word' id='word_1_429' title='bbox 862 3996 894 4044; x_wconf 87' lang='lat' dir='ltr'><strong>In</strong></span> <span class='ocrx_word' id='word_1_430' title='bbox 919 3995 1023 4044; x_wconf 88' lang='lat' dir='ltr'><strong>mistura</strong></span> <span class='ocrx_word' id='word_1_431' title='bbox 1046 3997 1100 4045; x_wconf 85' lang='lat' dir='ltr'><strong>vini</strong></span> <span class='ocrx_word' id='word_1_432' title='bbox 1126 4003 1150 4044; x_wconf 89' lang='lat' dir='ltr'><strong>et</strong></span> <span class='ocrx_word' id='word_1_433' title='bbox 1172 4012 1251 4062; x_wconf 87' lang='lat' dir='ltr'><strong>aquae</strong></span> <span class='ocrx_word' id='word_1_434' title='bbox 1266 4000 1317 4062; x_wconf 86' lang='lat' dir='ltr'><strong>ple-</strong></span> 
     </span>
     <span class='ocr_line' id='line_1_85' title="bbox 768 4076 1317 4144; baseline 0.005 -18"><span class='ocrx_word' id='word_1_435' title='bbox 768 4091 874 4141; x_wconf 89' lang='lat' dir='ltr'><strong>rumque</strong></span> <span class='ocrx_word' id='word_1_436' title='bbox 898 4076 1015 4126; x_wconf 86' lang='lat' dir='ltr'><strong>definitur</strong></span> <span class='ocrx_word' id='word_1_437' title='bbox 1035 4083 1111 4141; x_wconf 90' lang='lat' dir='ltr'><strong>quota</strong></span> <span class='ocrx_word' id='word_1_438' title='bbox 1126 4077 1244 4142; x_wconf 86' lang='lat' dir='ltr'><strong>cuiusque</strong></span> <span class='ocrx_word' id='word_1_439' title='bbox 1260 4094 1317 4144; x_wconf 84' lang='lat' dir='ltr'><strong>pars</strong></span> 
     </span>
     <span class='ocr_line' id='line_1_86' title="bbox 770 4158 1316 4221; baseline 0.004 -13"><span class='ocrx_word' id='word_1_440' title='bbox 770 4159 809 4208; x_wconf 92' lang='lat' dir='ltr'><strong>sit.</strong></span> <span class='ocrx_word' id='word_1_441' title='bbox 835 4159 954 4221; x_wconf 81' lang='lat' dir='ltr'><strong>Figurate</strong></span> <span class='ocrx_word' id='word_1_442' title='bbox 979 4158 1070 4207; x_wconf 90' lang='lat' dir='ltr'><strong>Horat.</strong></span> <span class='ocrx_word' id='word_1_443' title='bbox 1097 4158 1181 4208; x_wconf 85' lang='lat' dir='ltr'><strong>Carm.</strong></span> <span class='ocrx_word' id='word_1_444' title='bbox 1204 4161 1256 4210; x_wconf 91' lang='lat' dir='ltr'><strong>IV.</strong></span> <span class='ocrx_word' id='word_1_445' title='bbox 1277 4166 1316 4210; x_wconf 78' lang='lat'><strong>12.</strong></span> 
     </span>
     <span class='ocr_line' id='line_1_87' title="bbox 771 4239 1317 4301; baseline 0.009 -14"><span class='ocrx_word' id='word_1_446' title='bbox 771 4239 853 4288; x_wconf 84' lang='lat' dir='ltr'><strong>Misce</strong></span> <span class='ocrx_word' id='word_1_447' title='bbox 869 4239 979 4288; x_wconf 83' lang='lat' dir='ltr'><strong>consiliis</strong></span> <span class='ocrx_word' id='word_1_448' title='bbox 996 4239 1128 4288; x_wconf 82' lang='lat' dir='ltr'><strong>stultitiam</strong></span> <span class='ocrx_word' id='word_1_449' title='bbox 1145 4241 1246 4301; x_wconf 86' lang='lat' dir='ltr'><strong>brevem,</strong></span> <span class='ocrx_word' id='word_1_450' title='bbox 1263 4242 1280 4292; x_wconf 88' lang='lat' dir='ltr'><strong>i.</strong></span> <span class='ocrx_word' id='word_1_451' title='bbox 1295 4257 1317 4294; x_wconf 89' lang='lat' dir='ltr'><strong>e.</strong></span> 
     </span>
     <span class='ocr_line' id='line_1_88' title="bbox 770 4319 1317 4384; baseline 0.011 -16"><span class='ocrx_word' id='word_1_452' title='bbox 770 4335 880 4384; x_wconf 87' lang='lat' dir='ltr'><strong>parvam.</strong></span> <span class='ocrx_word' id='word_1_453' title='bbox 901 4319 1004 4370; x_wconf 87' lang='lat' dir='ltr'><strong>Sueton.</strong></span> <span class='ocrx_word' id='word_1_454' title='bbox 1023 4319 1118 4369; x_wconf 89' lang='lat' dir='ltr'><strong>Domit.</strong></span> <span class='ocrx_word' id='word_1_455' title='bbox 1137 4325 1160 4370; x_wconf 91' lang='grc'><strong>3.</strong></span> <span class='ocrx_word' id='word_1_456' title='bbox 1184 4320 1258 4373; x_wconf 85' lang='lat' dir='ltr'><strong>Circa</strong></span> <span class='ocrx_word' id='word_1_457' title='bbox 1274 4322 1317 4374; x_wconf 84' lang='lat' dir='ltr'><strong>ad·</strong></span> 
     </span>
     <span class='ocr_line' id='line_1_89' title="bbox 771 4400 1318 4470; baseline 0.005 -21"><span class='ocrx_word' id='word_1_458' title='bbox 771 4400 972 4450; x_wconf 84' lang='lat' dir='ltr'><strong>ministrationem</strong></span> <span class='ocrx_word' id='word_1_459' title='bbox 990 4409 1070 4451; x_wconf 78' lang='lat' dir='ltr'><strong>atatem</strong></span> <span class='ocrx_word' id='word_1_460' title='bbox 1086 4402 1186 4469; x_wconf 82' lang='lat' dir='ltr'><strong>imperii</strong></span> <span class='ocrx_word' id='word_1_461' title='bbox 1199 4403 1318 4470; x_wconf 82' lang='lat' dir='ltr'><strong>aliquam-</strong></span> 
     </span>
    </p>
   </div>
   <div class='ocr_carea' id='block_1_8' title="bbox 0 0 1589 5310">
    <p class='ocr_par' dir='ltr' id='par_1_11' title="bbox 0 0 1589 5310">
     <span class='ocr_line' id='line_1_90' title="bbox 0 0 1589 5310; baseline 0 0"><span class='ocrx_word' id='word_1_462' title='bbox 0 0 1589 5310; x_wconf 95' lang='lat' dir='ltr'><strong> </strong></span> 
     </span>
    </p>
   </div>
  </div>
 </body>
</html>
