3134 5310
655 527 828 576 rotrocus.
1296 516 1315 576 t

174 694 248 762 bilis
281 694 377 763 virtus
411 693 487 760 vicit
512 715 550 758 ec
572 694 776 784 [supergresso
799 708 845 762 eet
869 697 978 764 vitium
1002 697 1105 786 porris
1128 698 1314 800 megnieque

175 890 253 940 quem
264 874 357 924 deinde
373 874 467 932 obstet,
483 871 617 935 quominus
634 887 725 936 eoper·
771 883 845 924 retur
857 892 965 941 parens,
982 874 1315 941 Nepiipitsripsombilio·

175 956 322 1014 veniemus,
355 969 405 1018 quo
430 954 528 1002 enimus
552 954 725 1004 contendebet.
771 961 857 1006 uetus:
876 957 1315 1022 unonegnoscitnnignorsriquefin·

178 1037 250 1086 Telis
275 1041 314 1084 cst
337 1050 362 1083 v.
379 1050 402 1084 c.
419 1034 502 1098 imsgo
521 1034 565 1084 ille
581 1034 725 1092 Hesiodea,
771 1036 864 1099 ςίῒιιτί1
881 1038 1035 1088 Huiusmodi
1046 1038 1162 1088 homines
1175 1053 1262 1102 rogere
1279 1053 1316 1088 eo·

177 1133 229 1182 qus
243 1117 309 1166 cium
324 1115 426 1166 virtutis
439 1113 585 1174 arduoe‚ut
592 1123 665 1164 vocet
673 1115 726 1164 Ho-
771 1116 1315 1180 iensquis‚undeest0vid.flsroid.11.105.

177 1199 265 1257 retius,
273 1197 389 1260 depinxit
398 1217 404 1244 :
413 1196 518 1262 μακρὸς
530 1193 562 1244 et
574 1195 621 1244 sci
632 1193 727 1262 ὄρθιος
779 1196 913 1260 thuets'di
920 1197 1317 1266 cecidimus,nellom‚puto‚Plsyi·

177 1269 256 1339 οἶμος
285 1277 328 1326 ἐπ’
359 1275 449 1342 αὐτὴν
477 1277 538 1325 Καὶ
564 1277 669 1344 τρηχὺς
694 1278 726 1325 τὸ
773 1276 904 1328 lidcnoete'.
917 1276 1317 1347 Hrimititsi,qooosinPtytlie

176 1359 296 1426 πρόταν.
313 1359 381 1424 inps
413 1358 438 1408 δ’
465 1360 507 1416 εἰς
530 1357 613 1426 ὄαρον
635 1355 725 1424 ἵκηαι,
772 1366 796 1408 et
812 1357 1316 1423 unde,ropoe.FortesseexPhilodetno:

176 1441 294 1506 ‘Ppttq
319 1441 347 1490 δ’
369 1441 474 1506 ἥπατα
497 1441 657 1508 redituquse
666 1442 726 1494 Ovi-
769 1437 816 1488 Ἥ
830 1435 863 1487 δὲ
880 1439 966 1505 πόρος
982 1452 1012 1488 σε
1029 1436 1151 1492 καλοῦσα
1165 1440 1252 1508 μύρον
1269 1441 1319 1490 καὶ

177 1525 235 1574 dius
260 1526 292 1574 od
312 1524 360 1574 iter
376 1525 474 1576 Phoebi
489 1525 517 1574 in
533 1525 603 1574 coelo
619 1531 725 1574 trcnstu·
771 1519 891 1587 τερπνὸν
917 1517 1042 1570 'adem
1070 1521 1238 1586 Μηναφίλα,
1267 1526 1318 1574 νῦν

174 1607 223 1654 lit:
240 1602 331 1654 Ardua
353 1605 439 1669 primo
454 1605 497 1654 vio
509 1613 559 1664 est,
576 1614 601 1654 ct
617 1620 668 1668 qua
683 1604 726 1654 uie
775 1600 945 1663 retrosimus
953 1602 1317 1671 msddseemffliemdden

174 1701 247 1734 mone
270 1693 380 1734 recentes
403 1682 540 1734 demumr
556 1685 628 1748 rpus]
645 1683 725 1734 medio
772 1684 824 1744 Qui
848 1685 885 1734 ite
907 1692 1003 1736 rectum
1026 1686 1153 1750 ipsorum,
1176 1688 1275 1752 fingunt
1291 1703 1318 1740 se

175 1775 216 1816 cst
239 1765 363 1816 altissimo
379 1765 453 1814 αοείο.
477 1764 572 1834 Ultima
584 1765 726 1830 prunonio
771 1765 900 1829 ignorare,
916 1773 1012 1816 rectum
1026 1781 1078 1816 non
1095 1769 1318 1831 agnoscentem

175 1855 223 1896 est.
248 1847 291 1896 Ite
312 1845 472 1910 superpredi,
496 1852 525 1894 ut
541 1860 640 1904 censes,
657 1845 725 1909 prius
770 1860 882 1910 quoque,
904 1847 947 1912 qui
964 1862 1016 1897 non
1032 1848 1148 1911 ignorent
1164 1850 1266 1914 quidem
1281 1865 1318 1902 re·

175 1934 215 1977 est
242 1942 320 1991 quem
348 1927 457 1986 vimen,
487 1926 597 1976 effectus.
630 1925 726 1990 Optimi
771 1933 847 1986 ctum,
864 1929 909 1977 sed
933 1928 980 1991 ipsi
1004 1928 1086 1978 iecere
1106 1944 1158 1979 non
1174 1938 1274 1992 curent,
1291 1933 1318 1983 in

174 2008 307 2072 scriptores
331 2008 409 2058 telem
424 2009 558 2058 verborum
573 2007 724 2056 consecutio·
770 2007 826 2056 ediis
850 2013 934 2056 temen
957 2023 1009 2057 non
1025 2015 1200 2070 contemnent,
1216 2013 1261 2061 sed
1276 2026 1318 2074 po·

174 2103 248 2148 nem,
265 2089 347 2153 quelis
362 2095 400 2137 ost
416 2089 443 2137 in
459 2089 546 2146 rebus,
562 2093 671 2137 servent.
681 2087 724 2136 Sic
771 2088 819 2136 tius
848 2087 968 2146 laudent,
994 2088 1088 2139 similes
1121 2090 1319 2142 Atheniensibus

174 2171 263 2220 dieunt
277 2166 724 2233 penteecictoeetdomitoc,domitae
770 2170 836 2231 epud
862 2167 1010 2220 Ciceronem
1034 2171 1065 2220 de
1091 2170 1191 2222 Ssnect.
1219 2178 1258 2225 18.
1274 2176 1319 2238 qut

175 2263 201 2304 et
219 2256 343 2319 froctae,
368 2251 429 2300 victi
454 2257 478 2298 et
495 2248 654 2314 triumphati,
671 2262 723 2298 non
770 2250 797 2298 in
821 2250 920 2300 theatro
944 2251 1028 2300 locum
1052 2267 1104 2300 non
1128 2254 1249 2304 dederent
1268 2256 1318 2306 ciri

174 2343 271 2386 contre„
289 2335 322 2383 In
335 2334 391 2382 loeo
408 2331 503 2389 Taciti,
521 2331 610 2393 dequo
619 2329 724 2392 egimus,
770 2345 816 2380 suo
837 2331 899 2390 seni,
916 2332 1004 2382 dentes
1034 2333 1129 2396 legatos
1152 2334 1318 2386 Lacedaemo

174 2433 222 2481 pro
246 2415 307 2465 vicit
323 2431 354 2463 ac
370 2427 533 2478 superpreeso
550 2419 587 2459 est
604 2411 672 2459 uliud
687 2423 724 2458 re·
771 2412 826 2460 nios
863 2413 1001 2462 clarissimo
1032 2414 1121 2475 pieueu
1154 2425 1317 2479 exceperunt:

174 2498 296 2562 quiritur,
320 2509 346 2542 v.
372 2509 394 2543 o.
411 2493 492 2542 virtue
509 2505 672 2556 euperyresso
688 2498 725 2539 eet
771 2499 825 2542 tum
857 2493 960 2557 quidem
990 2494 1216 2544 Laccdeemonius:
1243 2495 1319 2546 Arte-

177 2595 210 2628 uc
234 2577 294 2627 vicit
316 2576 411 2625 vitium.
428 2574 486 2622 Hoc
503 2572 606 2622 fortasse
624 2571 725 2620 Tacitus
771 2573 865 2623 ruienses
889 2574 967 2633 scire,
992 2589 1057 2638 quoe
1079 2583 1150 2624 recta
1167 2586 1258 2637 essent,
1275 2579 1321 2628 sed

177 2659 261 2709 noluit
283 2663 383 2721 propter
407 2669 498 2703 sonum
521 2655 649 2715 ingratum
664 2651 725 2700 vicit
766 2656 860 2718 fucere
881 2653 951 2704 nolte.
970 2655 1051 2704 Detur
1068 2663 1093 2705 et
1108 2658 1210 2707 tertium
1225 2673 1317 2722 genus,

176 2741 272 2791 vitium.
281 2739 368 2788 Potuit
375 2736 456 2786 virtus
463 2734 555 2783 victrix
563 2747 726 2798 superpreseo
771 2750 870 2795 eorum,
895 2736 939 2800 qui
963 2736 999 2785 ite
1015 2737 1068 2786 usti
1085 2739 1230 2803 educatique
1246 2749 1318 2801 sunt,

177 2830 229 2880 eet,
244 2821 284 2869 vel
298 2819 378 2868 virtue
391 2813 724 2878 vicitsuperqreesovits'um.
770 2823 798 2865 ut
823 2824 923 2880 propter
947 2818 1116 2882 stupiditatem
1140 2829 1232 2870 rectum
1253 2821 1318 2886 ipso·

177 2904 212 2952 In
236 2915 267 2950 eo
289 2899 350 2948 vicit
374 2897 486 2948 absolute
502 2900 648 2957 poneretur,
664 2894 725 2942 vicit
771 2906 833 2947 rent.
855 2898 957 2948 Horum
972 2898 1115 2962 iynorantio
1130 2915 1182 2950 non
1198 2901 1319 2962 vincitur,

175 2996 302 3048 pugnem
326 2992 389 3043 quse
413 2981 532 3040 perpetue
556 2981 593 3024 est
618 2989 725 3038 msgnee
769 2979 829 3042 quie
853 2979 939 3028 virtuti
964 2993 1015 3028 non
1032 2980 1136 3031 resistit:
1155 2996 1236 3045 neque
1252 2983 1318 3046 ipoc-

176 3063 266 3112 virtuti
290 3075 348 3110 cum
371 3059 474 3108 invidis.
500 3057 609 3132 Invidit·
622 3057 725 3105 tandem
770 3059 856 3108 rantis
873 3073 973 3118 eorum,
990 3060 1034 3122 qui
1051 3060 1145 3109 similes
1163 3069 1221 3111 sunt
1238 3062 1318 3114 Athe·

177 3144 322 3192 exclemsre
352 3140 449 3202 cogitur
474 3137 551 3186 illudz
590 3133 609 3184 oi
638 3135 740 3202 ἀρετὴ,
771 3140 911 3198 niensibus,
941 3139 1062 3198 vinnium,
1088 3141 1147 3205 quie
1171 3158 1224 3193 non
1248 3144 1318 3208 igno

175 3223 340 3286 νενίκηκας,
356 3221 439 3280 vincis,
454 3219 725 3268 eicietivirtueimrtus
771 3227 840 3279 ront,
866 3221 910 3270 sed
934 3220 1015 3268 sciunt
1031 3235 1095 3285 quse
1111 3229 1179 3274 recte
1195 3232 1269 3275 sunt:
1287 3228 1319 3276 sd

174 3307 239 3356 vicit
253 3309 384 3368 postquem
398 3315 555 3365 supergresso
570 3306 607 3350 est
621 3300 725 3358 vitium,
772 3307 888 3350 neutrum
912 3301 989 3363 igitur
1005 3315 1084 3364 genus
1100 3305 1204 3354 victorie
1220 3306 1320 3357 virtutis

175 3387 298 3452 superior,
315 3385 394 3434 meior
410 3382 476 3432 facts
490 3381 566 3438 vitio,
583 3380 673 3429 vidum
689 3381 725 3428 in-
771 3382 886 3444 psrtinet.
909 3382 1023 3432 Pertinet
1040 3385 1072 3433 ed
1088 3386 1167 3434 solem
1183 3387 1318 3447 invidiam,

177 3469 219 3518 fre
243 3481 268 3516 se
289 3465 383 3529 poenit,
401 3477 428 3512 se
444 3477 518 3526 supre
535 3462 641 3510 sustssit.
669 3460 724 3524 Sig-
771 3482 835 3531 qnae
865 3475 957 3516 rectum
983 3468 1094 3531 ipuorat,
1119 3480 1171 3514 non
1197 3469 1318 3528 agnoscit.

178 3548 288 3597 nifictiio
309 3545 422 3595 absoluit.
436 3545 481 3593 illa
496 3544 524 3592 in
540 3546 619 3609 νικᾷν
635 3548 660 3591 et
675 3541 725 3590 υἷα·
772 3548 844 3596 Haec
861 3553 899 3595 est
915 3553 1017 3604 natm,
1034 3545 1150 3594 voluntas
1167 3552 1192 3594 et
1208 3549 1319 3598 studium

179 3644 235 3678 cere
257 3628 403 3691 plerumque
428 3632 465 3674 est
486 3625 580 3689 aliquid
601 3623 726 3687 perirem
771 3628 894 3686 invidiae,
910 3633 939 3674 ut
955 3640 1089 3690 agnoscere
1102 3627 1173 3678 nolit.
1193 3628 1261 3678 Illud
1268 3639 1318 3680 stu·

176 3709 375 3760 concedentium.
392 3723 417 3756 v.
437 3707 543 3757 Oeseub.
560 3706 591 3754 ed
611 3703 725 3753 Suetonii
771 3706 838 3756 dium
863 3722 895 3756 un
918 3707 1059 3772 iynorantia
1077 3708 1126 3756 dici
1142 3709 1232 3770 possit,
1250 3712 1319 3762 dubi·

179 3789 279 3841 Ceeesr.
297 3791 320 3839 I.
339 3788 420 3850 Saepe
435 3800 533 3851 quoque
550 3785 725 3849 devictis,qui
770 3793 805 3838 to.
837 3787 867 3837 Si
895 3803 947 3838 non
971 3795 1065 3852 potest,
1092 3789 1194 3838 'fecitis
1211 3791 1321 3856 scripsit:

177 3885 257 3920 menn
284 3869 389 3933 aliisque
412 3869 493 3917 modis
508 3867 639 3925 resistunt,
655 3881 724 3916 usur-
772 3870 868 3934 quoties
893 3885 982 3934 mopso
1006 3869 1095 3932 aliquo
1119 3885 1150 3919 oc
1166 3870 1255 3920 nobilis
1270 3872 1319 3920 vir·

142 3979 144 3984 ,
177 3957 259 4015 putus.
278 3950 353 4001 ovid.
372 3949 461 3998 Amor.
479 3949 502 3996 Ι.
512 3945 725 4012 II.5l.Adspicc
773 3958 812 3999 tus
836 3949 928 3998 victrix
952 3965 1115 4015 superpreseo
1130 3949 1217 3999 vitium
1229 3953 1320 4016 parvis

176 4031 278 4096 coprtoti
295 4029 392 4096 felicio
422 4028 538 4079 Caesaris
562 4043 641 4077 arma.
670 4025 726 4083 Qua
771 4031 913 4096 nuptisque
939 4030 1080 4080 civitatibus
1105 4047 1236 4090 commune,
1253 4033 1319 4096 ipso·

177 4111 267 4170 vindi,
284 4111 362 4160 victos
375 4110 488 4175 prorepit
503 4110 546 4160 ilic
562 4125 642 4158 mons.
772 4111 891 4160 rationem
907 4111 970 4160 recti
987 4119 1011 4159 et
1027 4111 1152 4161 invidiam.
1170 4113 1222 4160 Pro
1235 4113 1320 4164 invido

230 4187 401 4254 Ipnorantiom
418 4191 481 4240 recti
489 4189 647 4240 etinoidiam.
658 4191 727 4250 Quid
772 4191 925 4256 iptorotione
942 4191 1005 4240 recti
1021 4192 1118 4256 scripsit
1126 4193 1249 4256 iquorotio
1257 4198 1321 4246 recti

177 4271 295 4335 ipnorore
319 4271 445 4322 interdum
470 4273 605 4336 significet,
626 4278 727 4336 apparet
773 4282 797 4322 et
817 4272 921 4322 invidia.
940 4273 1008 4321 Note
1023 4273 1104 4335 figure
1122 4265 1151 4320 ἕν
1170 4272 1217 4322 διὰ
1227 4274 1318 4338 doctr,

177 4367 202 4401 v.
221 4366 294 4401 ccx
313 4353 415 4402 Terent.
432 4355 536 4403 Phorm.
556 4354 593 4402 II.
612 4355 667 4402 111.
688 4358 725 4402 10.
773 4361 798 4404 et
821 4351 909 4403 Tacito
926 4360 1015 4401 emoto.
1043 4354 1082 4402 Ee
1098 4360 1158 4404 tunc
1174 4361 1319 4421 pracsertim

178 4431 248 4488 Quia
273 4447 352 4496 aepro
377 4434 465 4484 relicta
488 4434 644 4494 estensem,
662 4435 726 4498 ipso·
773 4435 862 4496 utitur,
880 4449 957 4499 quum
974 4436 1083 4498 perduc
1101 4439 1318 4491 substantivevim
