3130 5308
655 553 835 602 terrenus.
1277 539 1321 602 st

166 733 344 788 ostentare.
397 721 518 806 Quibus
563 720 655 788 rebus
689 720 808 786 multae
844 720 1004 798 ciuitates,
1042 743 1122 809 quae
1157 723 1190 786 in
1226 723 1316 788 illum

166 826 260 892 diem
291 849 328 892 ex
364 849 466 915 aequo
501 839 648 915 egerant,
684 825 763 891 datis
799 825 980 900 obsidibus,
1005 825 1084 892 iram
1109 850 1259 916 posuere,
1285 842 1317 896 et

165 931 336 1021 praesidiis
372 931 571 1020 castellisque
606 929 840 1008 circumdatae,
865 943 897 996 et
921 941 1008 996 tantu
1032 933 1153 998 ratione
1177 955 1317 1022 curaque

169 1034 324 1102 utnulla
349 1048 422 1101 unte
447 1037 629 1103 Britanniae
654 1058 733 1102 nora
755 1058 827 1123 pars
850 1035 1016 1101 illucessita
1042 1038 1207 1104 transierit.

221 1139 308 1207 XXI.
336 1139 479 1230 Sequens
502 1141 622 1218 biems,
642 1141 856 1206 saluberrimis
874 1140 1013 1205 consiliis
1026 1140 1202 1232 absumpta.
1216 1143 1316 1210 Nam·

166 1394 220 1436 rat.
239 1386 346 1436 Romani
362 1388 437 1436 duras
451 1389 519 1451 leges
527 1389 649 1438 dicebant.
669 1389 724 1439 An·
770 1385 907 1436 illucessitu
932 1385 1066 1437 transierit.
1101 1388 1234 1440 Sententia
1256 1393 1317 1455 qnid

166 1469 270 1518 tiocbus
284 1470 398 1518 nondum
413 1471 449 1518 ita
466 1471 669 1529 seeseevietum,
686 1485 723 1520 re·
768 1470 890 1532 postulet,
916 1475 968 1518 tam
993 1469 1065 1521 facile
1090 1470 1159 1520 dictu
1175 1479 1223 1531 est,
1240 1487 1317 1536 quam

167 1551 285 1612 spondit,
303 1559 330 1600 ut
348 1549 456 1614 spoliari
464 1558 721 1615 screynopateretur,
768 1550 867 1599 difficile
883 1551 1040 1613 interpretari
1056 1553 1145 1611 verba,
1161 1552 1316 1617 quibusoam

166 1630 276 1694 bellique
310 1647 340 1679 ea
374 1631 544 1689 irritamenta,
579 1647 625 1678 non
646 1632 721 1696 pacis
767 1630 910 1680 investitam
925 1632 1040 1694 legimus.
1075 1631 1145 1684 Olim
1160 1635 1316 1685 conieceram

166 1711 335 1761 blandimenta
359 1729 420 1762 esse.
447 1713 556 1762 Librarii
577 1713 721 1776 saepissime
766 1725 844 1774 aeque
860 1727 905 1774 pro
921 1720 986 1762 ante.
1013 1713 1089 1761 Nune
1104 1713 1316 1776 simplicissimum

164 1793 275 1843 irritare
299 1800 324 1842 et
341 1793 448 1843 inuitare
464 1795 669 1856 permiscuerunt.
687 1795 718 1844 ef.
765 1799 838 1854 puto:
865 1790 959 1848 Quibus
984 1793 1055 1842 rebus
1079 1794 1170 1844 multae
1186 1795 1314 1857 ciuitates,

164 1875 260 1924 Heius.
285 1876 317 1923 ad
335 1873 409 1924 Ovid.
427 1873 516 1924 Amor.
534 1875 573 1923 11.
592 1889 629 1924 ιν.
652 1880 676 1924 9.
694 1881 719 1925 et
766 1869 829 1935 quai
850 1872 876 1920 in
899 1872 967 1922 illum
984 1872 1046 1922 diem
1062 1889 1092 1922 eu
1108 1890 1186 1938 aequo
1203 1885 1316 1940 speram,

167 1957 260 2006 Burm.
282 1957 314 2006 ad
332 1956 401 2006 Vell.
418 1957 516 2004 Patere.
535 1957 588 2005 111.
603 1960 643 2007 67.
660 1956 719 2006 We·
765 1969 836 2002 arma
857 1969 979 2018 posuere;
1006 1963 1029 2003 et
1042 1954 1181 2019 praesidiis
1197 1955 1315 2006 castellis·

163 2038 241 2086 xiuss
269 2037 309 2086 usi
334 2038 473 2100 quaeritur,
494 2052 556 2086 num
572 2043 639 2086 reete
654 2037 718 2086 dica·
765 2049 811 2096 que
835 2033 1013 2094 circumdatae,
1040 2043 1111 2083 tanta
1132 2035 1228 2084 ratione
1244 2052 1315 2084 cura·

164 2125 209 2167 tur
226 2116 327 2166 irritari
343 2118 376 2166 ed
392 2118 502 2180 aliquam
517 2117 718 2176 rem,nihilom·
765 2131 811 2178 que
840 2123 868 2163 ut
897 2114 966 2164 nulla
996 2124 1053 2164 ante
1077 2114 1230 2166 Britanniae
1254 2133 1317 2166 noua

164 2201 230 2248 nina
253 2199 342 2257 refert,
367 2204 452 2248 uuum
474 2200 541 2247 bona
557 2199 589 2246 sit
604 2211 644 2246 res
661 2198 717 2256 illa,
761 2211 840 2260 pars,
863 2195 1015 2245 illucessitue
1030 2197 1189 2248 transierunt.
1222 2197 1314 2250 Civita-

164 2295 201 2331 an
226 2281 307 2338 mala,
331 2279 375 2328 sed
391 2295 453 2328 num
470 2280 519 2328 alio
536 2280 639 2328 nomine
656 2280 718 2328 istae
763 2283 802 2324 tes
818 2277 927 2339 primam
943 2278 1041 2327 obsides
1059 2280 1165 2340 dedere,
1183 2295 1253 2332 arma
1271 2297 1313 2344 po·

165 2361 283 2412 notiones
306 2366 452 2423 congruant.
479 2361 611 2410 Irritamur
634 2366 719 2409 autem
764 2372 848 2416 suere,
872 2373 902 2408 eo
919 2359 1087 2422 significantes
1104 2374 1131 2409 se
1147 2375 1206 2410 cam
1222 2361 1313 2411 Roma·

165 2444 201 2492 ad
226 2442 363 2504 agendum,
390 2447 415 2490 et
439 2442 471 2489 ad
495 2441 609 2504 quamvis
625 2442 718 2490 virium
764 2440 805 2487 nie
827 2439 854 2486 in
880 2440 990 2489 amicitia
1006 2442 1071 2490 velle
1087 2443 1185 2504 degere.
1204 2443 1246 2491 Ite
1262 2444 1313 2492 iam

166 2523 385 2580 exercitationem,
403 2537 454 2571 non
471 2523 504 2570 ad
521 2522 624 2585 quietem
640 2528 717 2586 etpa·
763 2518 814 2567 iere
839 2520 934 2568 censeri
958 2526 1072 2582 poterant
1098 2537 1164 2572 nova
1185 2536 1243 2585 pars
1259 2539 1313 2587 pro·

166 2619 233 2662 aaa,
258 2604 289 2651 ed
312 2617 388 2666 quam
411 2602 570 2652 invitamur.''
604 2603 717 2652 Kritaius
762 2601 859 2650 vinciae
884 2599 1023 2652 Romanae.
1042 2601 1094 2652 Sed
1111 2604 1245 2667 Agricola,
1262 2621 1312 2670 quo

165 2685 277 2735 servavit
297 2684 465 2742 irritanaenta,
484 2690 509 2733 et
527 2684 647 2748 explicat:
668 2699 718 2733 nea
762 2683 870 2731 secmior
899 2688 975 2743 esset,
1002 2697 1048 2733 uec
1074 2685 1210 2736 Britannos
1235 2688 1313 2737 serius

163 2779 230 2832 quae
245 2780 329 2815 aerem
344 2766 412 2828 pacis
419 2765 716 2828 eupiditateminiiciuut3
762 2763 830 2810 ocius
846 2765 944 2813 oonsilii
960 2764 1109 2827 poeniteret,
1129 2773 1200 2818 tanta
1215 2769 1313 2819 ratione

163 2847 337 2906 inuitamenta,
368 2860 433 2910 quae
456 2845 546 2894 leniter
570 2847 715 2911 impellunt,
763 2851 787 2892 at
811 2859 871 2895 cura
892 2859 934 2895 eos
950 2848 1078 2908 praesidiis
1094 2851 1251 2914 castellisque
1267 2849 1312 2898 cir-

166 2943 195 2978 ee
212 2930 334 2978 suavitate
350 2943 395 2976 sua
411 2926 550 2976 alliciunt?
761 2927 899 2984 eumdedit,
916 2933 1011 2989 quauta
1022 2929 1119 2978 ratione
1127 2944 1234 2992 auraque
1243 2931 1314 2978 nulla

200 3008 271 3065 Quae
297 3009 323 3057 in
347 3007 415 3057 illum
441 3007 503 3057 dicar
521 3024 551 3057 ca
567 3024 646 3072 aequo
663 3023 715 3072 epe·
761 3012 820 3054 ante
836 3020 902 3055 nova
916 3021 973 3068 pars
986 3008 1312 3072 Britanniasabulloprae*

164 3099 237 3150 rant,
262 3089 331 3138 datis
355 3088 491 3149 obsidibus,
517 3089 581 3138 iram
600 3105 714 3155 posuere.
761 3085 825 3135 fecto
849 3087 1001 3134 aucumdata
1025 3087 1081 3134 fuit.
1109 3087 1153 3137 Sic
1170 3089 1240 3138 brevi
1256 3095 1312 3152 post

167 3173 223 3233 Qui
240 3184 274 3220 ex
290 3185 367 3234 aequo
383 3178 474 3234 agam,
491 3171 519 3220 hi
533 3171 654 3219 Romanis
662 3185 714 3219 non
760 3167 925 3226 transierunt,
950 3167 1015 3216 bello
1033 3173 1058 3216 et
1075 3170 1151 3218 armis
1168 3185 1219 3219 non
1236 3170 1312 3220 laces·

164 3259 270 3317 parent,
302 3265 380 3315 neque
410 3259 495 3302 tamen
520 3252 659 3300 necessario
684 3251 715 3299 iis
761 3248 834 3307 sitae,
860 3249 915 3298 sina
938 3249 978 3308 vi,
996 3256 1097 3312 sponte,
1114 3257 1241 3313 permotae
1257 3266 1310 3301 mo·

164 3333 224 3384 irati
241 3339 307 3382 sunt.
327 3332 412 3382 Amici
427 3335 715 3396 potiusesseetmanere
760 3331 851 3378 duratis
876 3336 901 3378 et
926 3331 1088 3393 prudentibus
1109 3332 1220 3380 consiliis
1237 3331 1310 3394 Agri·

164 3415 279 3472 student,
296 3415 318 3462 si
335 3429 387 3462 nan
403 3415 567 3464 lacessantur.
579 3413 631 3463 Sed
639 3415 715 3463 iidem
760 3411 837 3460 colae.
859 3409 1024 3458 Transierant
1040 3413 1067 3460 in
1084 3412 1205 3460 ditionem
1221 3413 1310 3460 Roma·

163 3509 262 3558 semper
287 3497 314 3543 in
337 3496 412 3544 armis
429 3503 500 3555 suut,
517 3502 545 3544 ut
561 3496 714 3556 libertatern,
761 3507 832 3541 nam:
862 3491 944 3553 attigit
970 3491 1097 3552 Cortad
1123 3493 1219 3540 Lucan.
1245 3491 1309 3542 VII.

163 3578 185 3626 si
218 3578 383 3638 lacessantur,
423 3576 565 3626 defendant.
598 3575 716 3638 Cogitant
762 3576 818 3622 647.
837 3570 893 3620 Iam
910 3570 1020 3635 Maynus
1038 3571 1157 3620 transisse
1174 3569 1244 3620 Deos
1258 3569 1309 3620 Ro-

163 3658 240 3708 illud:
264 3657 340 3706 civis
356 3671 455 3720 pacem,
472 3672 532 3720 para
548 3657 649 3706 bellum.
668 3657 715 3706 Le·
761 3668 879 3715 rnanaque
898 3654 966 3716 saia
983 3649 1101 3702 Senserat
1117 3651 1217 3716 infelix.
1234 3653 1309 3717 Agri·

163 3741 275 3802 gendum
291 3745 445 3801 putozarma
450 3753 564 3801 posuere.
575 3739 632 3786 Liv.
643 3739 716 3798 VlII
761 3734 816 3783 cola
840 3739 925 3783 autem
949 3745 1037 3783 omnes
1061 3735 1154 3798 priores
1179 3737 1311 3799 superabat

164 3828 190 3870 4.
208 3818 239 3869 st
264 3819 339 3869 etiam
364 3835 424 3868 manc
441 3821 484 3868 sub
502 3821 587 3868 umbra
598 3818 716 3883 faederis
762 3823 814 3866 arte
846 3815 947 3879 legendi
979 3818 1175 3879 opportunitates
1197 3817 1310 3866 locorum

163 3901 239 3964 aequi
263 3900 404 3950 seruitutem
423 3901 483 3965 pati
496 3915 638 3964 possumus,
656 3899 718 3964 quid
761 3899 919 3961 parandique
936 3897 1045 3946 castella.
1065 3897 1167 3945 Tacitirs
1176 3909 1209 3944 ex
1217 3896 1309 3944 iudicio

163 3984 246 4042 abest,
264 3981 461 4046 qain,proditis,
471 3979 716 4040 sandalariam-
761 3979 897 4042 peritorum
913 3993 974 4027 mox
990 3979 1083 4026 laudat.
1102 3977 1209 4027 Wexius
1225 3991 1309 4025 econ·

163 4079 289 4113 munorum
304 4063 393 4123 solum,
411 4062 456 4112 sed
469 4060 613 4110 Samnitium
622 4077 716 4125 quoqne
762 4061 855 4112 iectura
880 4060 970 4108 edidit:
997 4067 1021 4107 et
1039 4066 1109 4106 tanta
1125 4057 1223 4105 ratione
1239 4073 1310 4106 cura·

163 4144 230 4194 dicta
249 4160 396 4209 pareamus,
414 4143 650 4208 respondeamusque
665 4142 716 4192 Ro·
761 4157 852 4203 caque,
876 4139 989 4189 utnulla
1006 4147 1062 4188 ante
1079 4135 1231 4185 Britanniae
1247 4153 1310 4186 noua

163 4226 254 4286 marris,
286 4242 341 4285 nos,
368 4224 408 4274 ubi
432 4223 566 4282 innuerint,
588 4225 716 4287 posituros
759 4238 836 4285 pars,
862 4220 907 4268 illa
935 4219 1073 4268 illacensita
1098 4217 1309 4268 transieritis.

162 4312 253 4356 anna?
271 4307 402 4356 Dronkius
418 4307 482 4354 iram
498 4304 621 4362 defendit,
641 4305 715 4355 inter·
761 4303 827 4366 quod
847 4303 912 4351 nulli
930 4307 988 4350 ante
1006 4300 1153 4348 Britanniae
1169 4300 1234 4362 parti
1252 4313 1310 4350 con-

163 4393 264 4450 pretans
276 4386 411 4451 ferociam.
761 4385 863 4446 tigerat,
881 4383 925 4431 illa
941 4380 1073 4430 illucessitu
1089 4379 1227 4440 transierit;
1241 4377 1311 4430 ὥστε

206 4466 241 4518 Ut
258 4468 326 4518 nulla
343 4477 399 4518 ante
416 4467 568 4518 Britanniae
584 4482 715 4530 rrooapars
762 4461 882 4524 addenda
899 4459 948 4526 μὲν
966 4460 1036 4528 ἄλλη
1053 4460 1203 4531 πρότερον,
1217 4462 1309 4527 ἐκείνη

1183 4550 1213 4596 1³
