3134 5310
210 507 253 570 70
655 522 810 570 costean
835 523 941 569 rrurrr

207 691 345 758 sodellis
377 690 411 754 in
448 689 595 756 ulteriora
630 689 800 780 promotis,
836 712 892 777 per
919 711 1005 778 ,quae
1036 689 1119 754 ierne
1142 693 1229 756 noeti
1252 693 1356 758 officii

206 805 423 885 quaereretur.
470 792 600 860 Didium
636 795 790 860 Veranius
825 795 966 885 excepit,
1002 796 1091 882 isque
1122 796 1205 860 intra
1229 819 1355 864 annum

207 902 377 968 exstinctus
411 911 469 965 est.
526 897 695 966 Suetonius
727 899 803 964 hine
838 899 989 965 Paulinus
1023 898 1152 964 biennio
1187 923 1353 990 prosperas

206 1028 255 1073 res
286 1005 398 1070 habuit
421 1002 557 1070 subactis
581 1005 761 1070 nationibus
784 1005 979 1093 firmatisque
1002 1004 1185 1092 praesidiis;
1211 1029 1353 1094 quorum

206 1111 324 1178 fiducia
363 1110 491 1177 Monam
526 1110 681 1188 insulem,
720 1123 756 1176 ut
789 1111 869 1176 uires
900 1109 1070 1175 rebellibus
1091 1111 1351 1190 ministrantem,

208 1238 378 1305 aggressus,
402 1228 489 1302 terga
513 1216 669 1280 occasioni
681 1215 841 1304 patefecit.

205 1447 332 1498 mutieres.
367 1447 435 1510 Ergo
459 1447 553 1498 habeut
576 1461 648 1511 reges
663 1449 752 1498 instru-
798 1455 827 1498 ut
842 1461 895 1510 eep.
913 1451 954 1495 41.
978 1445 1057 1507 Otiurn
1070 1447 1171 1512 perdtus
1187 1448 1267 1498 aurit.
1293 1448 1351 1500 Sal·

205 1535 303 1588 menta,
328 1529 418 1593 quibus
435 1534 459 1576 et
475 1528 542 1591 ipsos
559 1535 584 1580 ot
601 1531 662 1580 olias
678 1531 753 1581 simul
798 1529 887 1578 iustius
911 1543 956 1591 pro
978 1542 1007 1578 so
1024 1527 1162 1587 intendere,
1179 1529 1211 1577 B.
1230 1529 1287 1592 Iug.
1306 1533 1352 1580 75.

204 1615 292 1672 gentes
316 1609 343 1657 in
369 1608 487 1658 serviuste
508 1614 617 1660 teneant.
652 1609 754 1660 Habent
799 1607 940 1659 Praeterea
953 1617 1096 1658 commeatus
1105 1625 1150 1674 spe
1158 1608 1351 1674 amplior:quia

203 1696 303 1754 propter
319 1704 390 1740 suem
406 1689 754 1756 utilitutem‚utpeeora,qua
799 1689 938 1750 Numidae,
963 1690 1038 1748 sicuti
1054 1689 1171 1755 plerique
1187 1689 1213 1738 in
1229 1704 1291 1738 noua
1308 1689 1350 1740 de·

204 1771 386 1834 siguitioatioue
402 1785 427 1821 v.
445 1785 466 1819 e.
485 1773 549 1835 apud
569 1772 642 1836 Virg.
660 1771 752 1837 Georg.
800 1770 904 1830 ditione,
930 1771 1012 1835 officia
1028 1769 1192 1820 intenderant.
1226 1771 1260 1820 iit
1275 1772 1303 1820 in
1320 1786 1350 1824 re

203 1851 227 1900 I.
245 1856 269 1900 3.
293 1851 424 1902 adhibetur
441 1850 484 1915 qui
499 1851 580 1902 sudus
596 1852 704 1902 labendo
720 1854 754 1908 eit
799 1866 866 1901 nova
885 1852 962 1914 vulgo
977 1851 1058 1900 maius
1073 1852 1185 1901 studium
1200 1853 1349 1902 ostenditur.

199 1933 295 1997 pecori.
319 1933 380 1982 Non
396 1933 505 1982 multum
520 1932 631 1984 differret
647 1934 711 1984 illud
726 1935 753 1984 iu
800 1933 878 1982 Initia
901 1932 1015 1982 omnium
1038 1945 1124 1982 rerum
1147 1939 1206 1980 sunt
1228 1933 1349 1993 amma,

204 2012 754 2077 ToeitiHistIII.³8.siglosseedditetolle-
800 2013 881 2062 Tacit.
906 2012 1003 2062 Anuul.
1027 2013 1077 2062 VI.
1098 2014 1137 2062 17.
1154 2011 1272 2064 Fortasse
1286 2014 1350 2064 hine

202 2099 283 2144 retur:
300 2091 461 2143 Reddendum
478 2093 594 2160 (Blaeso)
608 2111 658 2160 pro
672 2095 754 2144 intem·
799 2095 947 2157 explicanda
964 2094 1045 2144 Toeit.
1063 2093 1159 2143 Annei.
1177 2095 1228 2144 VI.
1240 2099 1278 2144 10.
1296 2091 1353 2144 Sed

200 2175 301 2239 postiae
327 2173 427 2224 laetitia
451 2184 565 2224 praestem
587 2184 611 2224 et
621 2176 754 2240 funebrem
794 2175 937 2240 praecipua
961 2190 992 2223 ee
1008 2190 1035 2224 eo
1050 2173 1146 2238 pluria,
1163 2174 1230 2240 quod
1241 2177 1351 2240 praese·

203 2263 307 2314 noctem,
333 2270 383 2319 qua
407 2255 473 2303 seint
498 2263 522 2304 et
546 2256 650 2316 sentiat,
672 2257 753 2306 uiuere
799 2264 853 2304 etus
869 2254 938 2304 urbis
955 2269 1039 2304 reeens
1055 2256 1347 2322 continuempoteetutem

210 2332 337 2385 Vitellium
353 2343 377 2384 et
393 2334 529 2400 imperare,
543 2344 580 2396 et,
595 2337 618 2386 si
627 2336 753 2402 quidsato
798 2344 822 2384 et
845 2335 976 2386 insolentia
997 2335 1106 2402 parendi
1120 2337 1272 2401 praviorem,
1284 2337 1349 2387 mire

205 2415 320 2477 aecidat,
336 2415 422 2479 filium
437 2415 533 2466 iubere.
552 2418 641 2482 Longe
658 2419 753 2468 aeutius
799 2417 951 2482 temperavit.
978 2417 1123 2468 Praefectus
1148 2433 1244 2480 recens,
1258 2418 1284 2468 io
1297 2419 1347 2468 ini·

204 2496 286 2546 uivere
316 2493 455 2557 Vitellium,
481 2505 506 2546 et
530 2497 667 2562 inperare,
684 2508 708 2549 et
718 2500 752 2562 fi·
798 2497 833 2546 tio
849 2498 960 2546 muneris
976 2499 1110 2548 menandi
1126 2513 1177 2548 non
1195 2499 1347 2559 orateurior,

207 2577 265 2626 lium
280 2576 377 2627 iubere.
395 2577 515 2628 Vitellius
530 2575 754 2631 hebetfiliumsuo·
798 2584 946 2641 potestatem
968 2593 1019 2627 non
1047 2579 1131 2640 auxit,
1157 2595 1208 2630 uon
1225 2581 1349 2642 intendit,

207 2671 340 2717 cessorem,
358 2673 408 2723 quo
425 2672 481 2722 spes
497 2660 648 2723 principatus
662 2663 753 2712 adima-
799 2666 827 2708 ut
846 2669 960 2711 recentes
975 2661 1002 2710 in
1019 2659 1099 2709 officio
1115 2661 1208 2722 solent,
1225 2663 1269 2711 sed
1285 2668 1349 2712 tem-

206 2747 248 2791 tur
264 2740 369 2799 Blaeso,
386 2739 755 2804 quiprineipaturn,interfoeto
799 2742 903 2804 pererit
936 2741 991 2792 Alii
1016 2741 1071 2790 eliis
1087 2743 1169 2792 modis
1185 2743 1349 2807 interpreten-

208 2822 325 2882 Viteliio,
350 2827 435 2886 petere
466 2822 632 2872 eomsabetur.
665 2823 755 2887 Neque
799 2827 852 2880 tur;
886 2823 1007 2873 Ernestus
1036 2823 1176 2874 coaluerat
1196 2825 1350 2888 praefectur

204 2903 303 2954 acutius
318 2909 428 2964 tentum,
445 2904 490 2953 sed
506 2909 531 2954 et
546 2903 637 2954 verius.
663 2905 696 2954 In
710 2905 755 2954 tali
800 2902 868 2952 urbis
893 2912 1006 2964 areums,
1030 2905 1098 2968 quod
1122 2911 1207 2956 tumen
1224 2919 1277 2956 esee
1293 2905 1349 2956 lun·

206 2986 327 3048 formnla,
343 2985 368 3035 si
384 2983 445 3048 qnid
458 2984 571 3048 accidat,
587 3001 640 3036 non
656 2987 755 3036 additur
799 2984 904 3047 gnidum
927 2984 981 3048 ipse
1005 2986 1135 3036 sentiebat.
1170 2985 1200 3036 Si
1216 2987 1278 3051 quid
1291 3001 1348 3036 mn·

201 3069 274 3132 sato.
300 3068 385 3128 Mors,
410 3082 456 3118 seu
479 3073 569 3117 nature
591 3081 635 3118 seu
650 3067 677 3116 vi
693 3068 754 3117 eooi-
799 3066 917 3125 tondum,
949 3071 1085 3116 mutarem:
1112 3065 1178 3130 quod
1196 3068 1350 3132 praefectur

207 3150 262 3208 dat,
279 3163 376 3212 semper
392 3149 555 3212 accidisseto.
573 3149 753 3212 Necpulehre:
799 3147 880 3205 urbis,
903 3161 991 3209 perenn
1011 3147 1146 3196 continuant
1159 3154 1308 3212 potestatem
1324 3156 1349 3198 et

221 3229 227 3241 '
254 3227 316 3291 quid
330 3227 370 3276 illi
385 3227 497 3287 aoddat,
515 3227 587 3276 labet
594 3229 687 3290 fllium.
706 3229 754 3278 Cui
798 3227 929 3276 insolentia
938 3225 1048 3292 parendi
1053 3228 1204 3292 praviorem,
1216 3226 1277 3276 mire
1293 3237 1349 3278 tem-

243 3309 268 3358 'd
288 3308 416 3367 aeciderit,
433 3316 541 3358 wreus
558 3315 603 3356 est.
637 3309 753 3360 Mortuus
795 3308 905 3372 pererit.
939 3308 1099 3359 Praefectura
1120 3309 1189 3359 urbis
1211 3316 1264 3358 erat
1280 3316 1348 3372 pote·

206 3406 260 3441 non
275 3391 351 3440 hebet
365 3389 454 3438 filium.
473 3388 584 3453 Cogitaui
600 3389 648 3439 hoo
659 3396 752 3453 potest,
797 3395 856 3448 stas,
872 3403 936 3453 quae
951 3404 996 3452 per
1012 3390 1105 3439 multos
1120 3405 1200 3440 annos
1216 3391 1243 3440 iu
1259 3392 1350 3442 eodem

207 3488 258 3522 uon
283 3472 340 3522 diei.
366 3471 508 3520 Dicendum
523 3472 582 3530 leret
599 3470 620 3519 si
637 3470 699 3534 qnid
713 3488 753 3520 aa·
797 3471 852 3520 viro
867 3469 1067 3520 continuabatur.
1131 3519 1135 3528 ,

207 3552 288 3612 eidat,
313 3551 452 3614 relinquere
464 3551 557 3614 filium.
592 3550 710 3602 Ceterum
726 3561 753 3602 ut
831 3550 1001 3616 Firnsutisque
1014 3551 1162 3616 praesidiis.
1197 3554 1280 3602 Locus
1297 3554 1348 3616 fir·

207 3638 232 3680 ot
256 3631 295 3678 ita
318 3631 412 3680 oenties
428 3633 455 3682 in
473 3633 536 3680 Mss.
553 3633 752 3684 confunduntur:
797 3641 879 3682 matur
905 3631 1055 3698 praesidiis,
1086 3639 1111 3682 et
1137 3632 1272 3697 praesidia
1298 3633 1349 3695 fir-

208 3711 311 3761 Toeitus
327 3717 411 3760 eutem
426 3709 589 3771 sententium’,
605 3729 656 3777 quo
670 3716 754 3778 priora
798 3722 896 3764 mantue
920 3714 946 3763 in
972 3713 1031 3763 loco.
1057 3713 1199 3777 Utrumque
1224 3719 1262 3762 ost
1279 3714 1348 3762 Lati·

206 3793 349 3851 eoufirmat,
365 3805 438 3854 saepe
454 3792 486 3840 ab
501 3790 539 3840 ita
548 3794 654 3843 orditur:
665 3795 752 3858 Agrie.
798 3809 876 3843 num:
894 3793 959 3843 coni.
978 3792 1089 3843 Gronov.
1106 3795 1139 3844 ed
1155 3794 1214 3843 Liv.
1225 3794 1304 3844 XXI.
1314 3798 1347 3844 57

206 3889 260 3939 esp.
278 3879 302 3924 8.
320 3871 365 3922 Ita
379 3872 471 3922 uirtute
484 3871 510 3920 in
518 3871 753 3936 oieequeudu‚uere-
799 3880 824 3922 et
849 3873 972 3922 XXXII.
998 3879 1039 3923 40.
1057 3874 1126 3924 Cort.
1143 3876 1175 3924 ed
1193 3873 1296 3924 Sallust.
1313 3873 1347 3924 B.

207 3955 297 4007 cundia
312 3954 338 4004 in
350 3952 533 4020 praedicendo,
550 3962 622 4004 extra
638 3953 754 4004 invidiam
800 3955 856 4016 Iug.
880 3959 920 4002 23.
955 3954 1007 4004 Hie
1025 3969 1072 4018 ego
1087 3955 1225 4019 praeferam
1242 3957 1348 4019 eogitari

207 4053 250 4088 neo
264 4045 336 4087 entra
351 4035 457 4101 pierium
470 4043 533 4084 erat.
794 4035 902 4097 firmata
923 4035 1064 4099 praesidia.
1099 4037 1185 4086 Minus
1207 4037 1273 4099 greti
1289 4043 1349 4086 sunt

238 4117 322 4168 Fama
337 4116 406 4168 aucti
421 4116 497 4180 officii
513 4125 681 4180 quaereretur.
717 4117 754 4165 Ut
799 4117 849 4166 duo
865 4116 980 4176 ablativi,
998 4118 1048 4166 nisi
1064 4119 1185 4168 adieetive
1202 4118 1348 4168 atrebeten-

208 4199 299 4252 Caesar
332 4205 357 4251 et
389 4211 477 4248 omnes
501 4200 624 4260 dicerent,
648 4199 755 4250 Didiam
799 4197 850 4246 tivo
874 4198 1007 4248 coniuncti.
1043 4200 1077 4248 Et
1092 4199 1200 4261 firmata
1212 4197 1349 4264 praesidia

208 4280 309 4331 Gallum
332 4281 360 4330 in
385 4279 582 4330 administrando
598 4295 701 4330 munere
718 4280 753 4330 ol·
799 4279 946 4343 exquisitius
962 4280 1073 4338 videon,
1090 4281 1219 4344 magisque
1236 4294 1349 4330 exmore

207 4361 292 4410 tioium
307 4361 460 4424 implevisse,
474 4362 753 4426 etplusfeeisse,quam
801 4361 890 4410 Taciti.
918 4361 1014 4410 Annei
1033 4360 1115 4410 XIII.
1135 4366 1173 4410 14.
1190 4359 1248 4410 Nee
1264 4360 1293 4410 id
1307 4377 1348 4410 no·

208 4443 261 4492 iure
276 4443 491 4506 postrdariposset.
527 4440 752 4506 Auqereoffieium,
800 4441 836 4491 bis
853 4441 941 4492 uirium
958 4450 1028 4503 erat,
1045 4441 1112 4506 qued
1121 4442 1248 4505 firmando
1265 4452 1290 4492 et
1307 4458 1349 4492 aa·
