3130 5308
664 565 842 616 sorrecis.
1257 555 1321 618 149

177 736 245 801 riae
279 733 374 798 latius
410 732 553 821 aperuit3
581 744 702 797 vastum
724 733 845 822 ubique
869 731 1049 812 silentium,
1075 704 1321 815 seereri'collss,

176 839 336 905 fumantia
371 837 483 927 procul
518 848 623 915 tecta,
659 859 753 902 nemo
783 838 1031 926 exploratoribus
1054 839 1174 906 obrius.
1201 843 1322 927 Quibus

177 946 213 1010 in
246 963 373 1006 omnem
397 953 519 1031 partem
544 940 700 1019 dimissis,
726 940 783 1006 ubi
806 943 926 1008 incerta
949 942 1043 1032 fugae
1066 946 1194 1034 vestigia
1218 969 1322 1036 neque

179 1068 318 1135 usquam
353 1044 536 1135 conglobari
559 1044 663 1112 hostes
687 1058 908 1134 compertum,
933 1061 965 1114 ct
988 1062 1096 1116 exacta
1119 1049 1182 1115 iam
1207 1065 1323 1118 aestate

178 1151 285 1242 spargi
319 1149 440 1216 bellum
476 1150 651 1238 nequibat,
684 1150 717 1214 in
741 1149 820 1216 fines
845 1151 1047 1218 Borestorum
1071 1155 1242 1221 exercitum
1266 1156 1323 1222 de·

179 1255 281 1320 ducit.
326 1256 375 1321 lbi
411 1256 546 1343 acceptis
581 1254 760 1330 obsidibus,
794 1255 952 1344 praelecto
988 1256 1094 1322 classis
1129 1259 1323 1328 circumvehi

178 1362 380 1430 Britanniam
414 1359 578 1449 praecipit.
604 1359 703 1426 Batac
727 1358 766 1424 ad
789 1359 822 1424 id
846 1361 944 1437 rires,
967 1373 999 1427 et
1021 1377 1234 1450 praecesserat
1256 1377 1323 1431 ter·

178 1489 244 1534 ror.
292 1467 362 1554 lpse
396 1464 535 1553 peditem
560 1476 655 1552 atque
677 1465 799 1552 equites
823 1465 909 1530 lento
930 1467 1057 1544 itinere,
1080 1489 1144 1557 quo
1168 1491 1321 1536 novarum

178 1571 325 1662 gentium
360 1571 458 1634 animi
489 1570 555 1658 ipsa
586 1570 735 1635 transitus
770 1592 859 1636 mora
883 1582 1100 1652 terrerentur,
1125 1575 1158 1638 in
1182 1574 1323 1641 hibernis

177 1676 322 1754 locarit3
360 1687 392 1742 et
422 1673 515 1738 simul
539 1673 643 1740 classis
667 1674 804 1740 secunda
827 1686 1015 1764 tempestate
1038 1699 1076 1743 ac
1098 1678 1182 1744 fama
1207 1679 1323 1747 Trutu·

178 1782 302 1847 lensem
337 1789 463 1868 portum
487 1779 614 1858 tenuit,
639 1779 724 1846 unde
747 1779 889 1869 proximo
912 1779 1095 1849 Britanniae
1119 1783 1217 1850 latere
1240 1784 1331 1851 lecto

179 1883 270 1951 omni
293 1883 439 1951 redierat.

178 2137 239 2172 rore
255 2128 280 2170 et
295 2121 372 2171 rabie.
390 2119 521 2181 Britanni,
537 2121 606 2184 quod
622 2121 728 2182 suerius,
776 2121 903 2180 nantibus,
933 2120 1033 2186 sporyit
1056 2119 1157 2180 bellam,-
1180 2123 1223 2174 olai
1248 2124 1325 2176 insto·

176 2203 223 2253 hio
238 2203 280 2253 rel
296 2203 371 2255 ceoda
387 2215 487 2250 suorum
505 2202 608 2264 explent
623 2202 727 2252 rabiem.
774 2208 859 2260 retur,
894 2199 994 2262 redens,
1028 2217 1060 2250 oe
1084 2219 1181 2254 nereum
1204 2205 1231 2254 a'n
1252 2213 1324 2271 terqo

214 2281 313 2334 Socrati
329 2281 410 2331 colles.
427 2281 473 2329 Nil
485 2281 575 2330 melius
583 2283 728 2346 vidi,quam
775 2293 901 2336 romeam
919 2288 956 2342 et,
973 2280 1141 2334 democratia
1150 2285 1323 2350 barbarisait,

177 2362 274 2414 deserti
289 2361 374 2421 eolles,
391 2362 458 2425 quod
474 2361 596 2410 Ernestus
612 2364 727 2412 emenda·
773 2360 872 2410 irritum
895 2363 1044 2426 sessumque
1067 2361 1204 2413 Raetorum
1227 2365 1323 2429 impune

176 2446 225 2495 rit.
242 2443 302 2492 Non
317 2449 404 2492 umen
418 2443 566 2505 interpreter
580 2443 670 2503 colles,
683 2444 727 2507 qni
774 2441 960 2503 ludificabatur.

177 2533 238 2574 onte
253 2521 359 2573 habitati
375 2529 399 2570 et
415 2523 445 2570 at
463 2521 594 2572 dominibus
604 2525 725 2588 frequen·
812 2519 883 2570 Unde
888 2521 1001 2585 proximo
1009 2519 1164 2572 Britanniae
1173 2523 1252 2574 lutere
1261 2523 1322 2576 lecto

177 2605 241 2666 toti,
260 2605 304 2654 sod
319 2603 363 2667 qni
379 2610 435 2650 onte
451 2618 468 2650 o
484 2603 599 2653 militibus
619 2603 725 2653 Briton-
770 2599 959 2650 omnireda'erot.
969 2601 1174 2654 Pichenoomnis.
1188 2605 1323 2670 Rhenpro

175 2684 217 2734 πίε
242 2685 354 2748 occupati
371 2689 453 2742 erant,
470 2690 499 2732 nt
515 2698 541 2733 se
557 2685 593 2734 ibi
610 2684 723 2734 defende·
768 2681 879 2731 redierat
893 2682 954 2746 legit
969 2683 1072 2732 exierat.
1086 2683 1228 2750 Utrumque
1236 2687 1322 2737 laudat

175 2771 242 2816 rent.
268 2765 371 2814 Tacitus
396 2765 488 2826 cogitet
508 2771 621 2816 montem
637 2765 725 2816 eram-
771 2763 893 2813 umerus
910 2769 935 2814 et
951 2763 1014 2812 uode
1028 2763 1104 2814 refert
1120 2768 1153 2816 ed
1169 2765 1324 2824 leoto;unde

174 2847 262 2910 pium,
278 2852 303 2894 et
319 2844 451 2895 continuos
466 2845 556 2906 colles,
573 2847 724 2912 propinquos
771 2857 870 2906 egresse
894 2845 989 2908 legerat
1013 2847 1158 2908 prorrimum
1181 2847 1248 2898 latua
1264 2849 1321 2898 Bri·

175 2930 204 2975 et
228 2931 344 2975 remotos.
378 2923 461 2976 Colles
485 2939 558 2989 saepe
574 2933 632 2976 sunt
648 2929 724 2991 agmi-
771 2923 882 2973 tunniae.
910 2925 945 2982 ut
969 2924 1004 2974 sie
1030 2924 1151 2986 Wexius,
1176 2929 1221 2991 qui
1236 2943 1322 2992 oppor-

175 3021 241 3056 num
257 3007 411 3056 devictorum
427 3007 724 3070 extremumporfagtum.
770 3009 832 3053 tune
856 3017 956 3068 quoque
980 3011 1080 3065 monet,
1105 3006 1252 3070 interpretas
1269 3023 1321 3058 non

176 3085 295 3146 Deserti,
308 3087 446 3152 atqueideo
454 3088 637 3148 soli,taeentes‚
647 3089 725 3138 eitum
771 3083 831 3132 sutis
847 3084 961 3152 salmam
978 3086 1113 3136 advertisse
1130 3087 1162 3136 ad
1177 3088 1321 3152 plusquam·

175 3169 224 3218 ubi
240 3174 328 3232 regnet
343 3169 479 3218 silentium.
497 3167 578 3216 Tacit.
593 3167 661 3218 Hist.
671 3169 724 3218 111.
771 3162 908 3226 perfectum
925 3163 1044 3216 redierat.
1062 3166 1122 3217 Hoc
1138 3169 1207 3218 enim
1222 3184 1275 3219 non
1291 3169 1322 3220 si·

176 3253 220 3300 85.
252 3245 285 3297 In
305 3247 430 3314 palatium
453 3247 607 3312 repreditur,
631 3257 726 3300 aestum
771 3244 889 3307 &nificare
902 3243 983 3294 rediit
999 3245 1149 3312 leporium,
1164 3250 1323 3302 sodex'l'ru·

176 3328 356 3392 desertumqoe.
378 3326 467 3377 Terret
483 3328 588 3379 solitudo
605 3338 629 3380 et
647 3339 725 3380 tuern-
771 3325 864 3376 tolensi
886 3333 960 3390 portu
986 3325 1031 3392 (sc.
1056 3329 1166 3396 egressa)
1184 3331 1279 3395 legerat
1294 3333 1322 3382 li·

176 3418 215 3459 tes
231 3408 287 3458 loci.
356 3409 362 3416 '
772 3412 812 3454 tus
838 3407 995 3469 proximum,
1020 3407 1134 3473 lectoque
1157 3411 1236 3461 latero
1252 3413 1323 3462 omni

213 3487 310 3554 Sparqi
342 3488 428 3538 bellum
458 3489 580 3554 nequibat.
623 3493 726 3542 Bellum
771 3485 885 3536 redIerot.
913 3489 980 3537 Mihi
1004 3495 1132 3551 praeterea
1153 3492 1239 3540 deesse
1254 3491 1322 3542 vide

175 3570 318 3635 spargitur,
343 3571 444 3634 quando
468 3585 513 3635 per
537 3571 652 3634 agmina,
677 3573 726 3622 huc
771 3571 812 3614 tur
829 3566 924 3630 aliquid
940 3570 1321 3635 adsentantiamperlioiendam‚

172 3653 239 3703 illue
255 3665 356 3714 sparse,
372 3651 478 3714 geritur,
501 3665 554 3700 non
570 3653 664 3715 proelio
680 3667 727 3702 nee
771 3661 796 3696 v.
822 3661 845 3696 o.
865 3645 929 3696 unde
946 3648 1060 3712 proximo
1076 3649 1229 3703 Britanniae
1245 3652 1324 3703 lutere

176 3733 246 3782 iusta
262 3732 316 3780 scie
330 3737 463 3795 pugnatur.
480 3731 566 3781 Hodie
581 3733 727 3796 bellumper
773 3725 833 3776 lecto
859 3727 922 3777 omni
946 3728 1073 3781 incolumia
1098 3723 1216 3783 redierat.
1250 3734 1323 3796 Quae

173 3811 301 3878 puerilius
317 3811 726 3878 gestnmappellemus,proprium
772 3827 825 3862 vox
849 3815 996 3880 plerumque
1019 3815 1067 3865 iter
1086 3816 1252 3877 periculosum
1269 3814 1321 3866 leli·

173 3897 240 3948 locis
265 3894 398 3953 montosis,
415 3899 444 3942 ut
460 3893 486 3940 in
504 3892 643 3956 Hispania,
659 3895 727 3945 unde
773 3894 834 3943 citer
857 3902 985 3958 peractum
1002 3895 1119 3945 ostendit.
1138 3895 1230 3945 Caesar
1246 3895 1321 3944 etiem

173 3993 230 4029 vox
254 3981 387 4038 assumpta.
405 3975 440 4024 Et
457 3973 585 4036 Agricola,
602 3974 728 4024 sibellum
774 3960 849 4024 omnis
865 3975 990 4026 incolomis
1005 3976 1181 4039 coniungit‚ut
1189 3976 1229 4026 Do
1238 3976 1272 4026 Β.
1289 3975 1322 4028 G.

172 4058 325 4109 continuare
349 4056 424 4106 vellet
445 4055 472 4103 in
490 4053 640 4116 Caledonia,
657 4071 727 4107 mon·
773 4055 824 4105 IV.
847 4061 888 4106 36.
905 4055 999 4106 Latere
1015 4056 1105 4122 aliquis
1121 4057 1233 4106 mutabat
1248 4058 1276 4107 in
1293 4057 1321 4108 li·

172 4147 246 4198 tosa,
271 4139 433 4203 hostibusque
457 4149 580 4200 nusquam
596 4137 728 4200 conglobu
775 4143 836 4185 tore.
864 4135 915 4187 Sed
941 4144 965 4187 at
982 4137 1049 4188 lotus
1065 4143 1090 4188 et
1107 4136 1165 4186 litua
1182 4143 1207 4188 et
1223 4138 1273 4188 elia
1290 4138 1321 4188 le-

173 4223 223 4281 ile,
257 4235 375 4285 aperuere
409 4219 528 4278 debebat,
554 4216 727 4283 circumferre,
773 4225 871 4280 quatur.
912 4217 952 4268 Cf.
978 4219 1123 4282 interpretes
1147 4220 1180 4268 ad
1203 4218 1321 4270 Frontis.

173 4309 200 4352 et
224 4301 292 4351 vires
314 4298 460 4364 dispartiri,
484 4305 513 4348 ut
530 4298 626 4348 Annei.
644 4299 726 4350 XIII.
776 4296 884 4362 Strateg.
907 4299 930 4348 1.
948 4313 984 4349 rr.
1004 4301 1032 4359 ⁷,
1050 4304 1074 4348 et
1091 4297 1166 4349 Ovid.
1184 4298 1253 4351 Fert.
1270 4302 1322 4353 IV.

174 4385 221 4434 at.
247 4382 279 4431 cl.
305 4380 402 4431 Annei.
420 4377 474 4428 111.
493 4384 533 4428 21.
551 4377 728 4444 Focsorinos,
776 4383 832 4429 289.
858 4376 1024 4443 Aequoroque
1049 4376 1124 4444 Afra
1150 4379 1215 4446 teuit.
1233 4384 1277 4434 ubi
1294 4385 1321 4434 in

169 4463 300 4530 peruulsis
325 4459 455 4523 Numidis,
483 4469 507 4512 et
532 4459 627 4512 obsidio
645 4477 728 4527 asper·
776 4461 830 4512 aliis
849 4461 911 4512 Mes.
930 4468 982 4513 eret
1000 4460 1130 4525 litoraque.
