3130 5308
653 541 827 589 rcurcois.
1272 523 1312 586 75

158 709 320 784 delectus,
364 721 517 797 tanquam
557 712 637 775 mori
681 722 804 776 tantum
848 733 903 800 pro
943 712 1044 800 patria
1079 710 1303 778 nescientibus.

161 815 362 901 Quantulum
398 815 482 879 enim
518 816 664 880 transisse
698 817 859 894 rnilitum,
886 817 910 881 si
934 839 999 882 sese
1029 817 1171 883 Britanni
1194 839 1308 881 nume·

158 923 255 987 rent?
305 919 359 986 Sic
408 919 591 986 Germanias
626 922 793 988 excussisse
828 923 957 1010 iugum,
994 934 1025 988 et
1058 923 1208 999 flumine,
1244 944 1308 988 nou

159 1047 302 1103 oceano,
329 1023 466 1090 defendi.
502 1025 571 1092 Sibi
593 1029 748 1116 patriam,
773 1029 938 1116 coniuges,
962 1041 1126 1117 parentes,
1152 1030 1214 1094 illis
1238 1049 1308 1093 ara·

161 1131 266 1196 sitiam
302 1142 335 1196 et
370 1130 527 1196 luxuriam
558 1153 681 1197 caussas
715 1132 793 1198 belli
814 1155 890 1198 csse.
928 1133 1135 1213 Reccssuros,
1161 1145 1195 1200 ut
1217 1133 1307 1200 dirus

160 1389 283 1454 eripitur,
310 1387 437 1436 dicebatur
461 1401 561 1450 quoque
586 1385 670 1436 domm
695 1403 712 1434 a

159 1485 196 1518 me
214 1471 331 1534 eripitur.
367 1468 469 1517 Terent.
487 1466 598 1531 Adelph.
616 1469 711 1527 111.11,

158 1557 201 1601 30.
233 1548 274 1600 Ab
299 1549 382 1598 lenone
406 1548 477 1612 ipsus
501 1548 595 1612 eripuit
616 1547 712 1613 pulsem.

160 1632 277 1682 Eunuch.
304 1631 355 1680 IV.
380 1643 418 1678 vr.
448 1634 485 1677 14.
512 1627 587 1678 Haeo
612 1645 641 1678 ea
659 1639 712 1689 est,

159 1729 234 1778 quam
254 1710 324 1760 miles
341 1725 359 1758 a
375 1724 411 1757 me
427 1709 453 1758 ai
469 1725 531 1758 nunc
549 1718 658 1775 ereptam
674 1725 711 1758 ve·

158 1795 207 1844 nit.
242 1794 345 1843 Tacitum
362 1790 508 1852 ambiguum
523 1791 603 1840 vitare
621 1793 712 1854 potuis·

159 1882 212 1934 set,
228 1889 253 1923 v.
271 1889 293 1922 c.
307 1888 357 1938 per
374 1871 474 1935 ipnavos
492 1880 516 1920 et
530 1871 630 1921 inbelles
638 1872 712 1936 eripi.

158 1955 214 2006 Sed
230 1953 313 2003 dauwe
329 1951 395 2016 eripi
410 1967 499 2014 parum
515 1953 650 2002 vehemens
667 1967 713 2003 nec

158 2046 201 2088 111
214 2037 316 2100 elegans
324 2039 393 2098 puto.
403 2033 535 2082 Pulchrior
543 2041 568 2082 et
576 2035 651 2097 longa
659 2036 713 2084 tris·

157 2121 211 2168 tior
233 2119 318 2179 imago
344 2116 370 2163 in
388 2113 495 2164 formula
512 2113 620 2164 domibus
632 2116 697 2181 pelli
706 2154 713 2176 ,

158 2197 299 2247 exturbari.
334 2197 392 2258 Ipse
419 2195 499 2244 Tacit.
525 2195 621 2246 Annei.
636 2198 713 2247 XIV.

158 2284 204 2328 31.
241 2275 273 2325 In
289 2275 406 2324 coloniam
428 2273 615 2325 Camulodunum
631 2294 715 2328 recens

159 2359 263 2410 &ducti
276 2355 402 2423 pellebant
418 2354 537 2418 domibus,
553 2360 715 2409 exturbabant

159 2440 244 2506 apris.
278 2440 370 2487 Horat.
388 2435 473 2486 Germ.
491 2436 529 2487 II.
552 2445 589 2490 18.
604 2438 714 2490 Pellitur

157 2530 284 2588 paternos
300 2517 332 2567 In
347 2519 402 2567 11111
414 2520 507 2582 serens
524 2517 594 2568 Dece
607 2519 644 2569 Et
652 2537 714 2570 uxor

161 2612 189 2652 et
206 2602 247 2650 vir
262 2599 421 2662 sordidosque
438 2607 516 2648 natos.
534 2599 634 2650 Similia
641 2615 714 2665 qnae·

160 2685 225 2732 darn
234 2683 268 2731 ibi
277 2681 403 2730 annotari.
413 2681 503 2745 Neque
512 2681 620 2730 Heinsio
628 2683 713 2745 vulga·

159 2773 219 2814 tum
242 2764 367 2828 planabam
393 2762 499 2810 coniecit
523 2761 610 2827 diripi.
639 2763 712 2824 Quod

160 2859 252 2894 verum
275 2832 350 2908 putu
371 2843 505 2891 Praeterea
526 2842 609 2892 locum
626 2845 712 2895 111111-

161 2927 343 2989 stiugueudnm
359 2925 477 2972 arbitror:
495 2938 557 2971 nrrnc
573 2924 604 2973 ab
617 2925 713 2989 iqnavis

157 3007 306 3073 plerumque
332 3013 355 3053 at
380 3003 507 3053 inbellibus
523 3003 603 3070 diripi
619 3005 713 3065 domos,

160 3087 278 3138 abstrahi
296 3086 392 3135 liberos.
428 3081 713 3148 Iniunqidelectustam-

162 3183 240 3232 qrram
256 3167 318 3215 mori
334 3174 425 3214 tantum
438 3183 488 3229 pra
502 3166 592 3230 patria
609 3167 713 3216 nescien-

161 3252 239 3300 tibus.
275 3249 366 3312 Ignari
380 3255 406 3298 et
423 3248 535 3298 imbelles
552 3249 664 3298 veterani
680 3263 714 3298 ex

161 3333 264 3382 colonia
280 3331 328 3378 sibi
344 3330 448 3393 quisque
465 3329 551 3377 domos
569 3336 665 3380 nostrus
678 3333 714 3380 di·

161 3415 270 3477 ripiunt,
306 3411 369 3460 filias
395 3417 420 3458 ct
444 3423 533 3472 pueros
560 3411 713 3460 abstrahunt.

163 3495 223 3542 Hoc
238 3493 364 3556 privatim.
382 3490 487 3539 Publice
500 3491 665 3554 iniungantur
673 3495 714 3542 de-

162 3577 255 3639 lechem
289 3587 351 3622 nam
375 3573 456 3621 sciunt
480 3585 526 3618 uos
551 3571 647 3620 fortiter
671 3588 714 3635 pu-

163 3657 265 3720 gnando
290 3659 363 3718 posse
387 3653 464 3710 mori,
490 3659 588 3702 tautum
605 3668 656 3701 nou
670 3669 715 3716 pro

164 3739 255 3801 patria,
274 3736 319 3784 sed
335 3734 439 3796 imperio
456 3733 546 3782 alieno.
575 3734 640 3780 Tam
653 3734 714 3782 lenti

164 3819 289 3866 iniunctae
315 3816 424 3863 delectus
449 3815 565 3877 petimur.
606 3815 714 3865 Wexius

164 3899 255 3948 edidit:
273 3897 341 3961 eripi
357 3894 446 3944 domos.
464 3893 586 3942 Abstrahi
602 3909 638 3959 eq.
656 3897 715 3959 quia

164 3979 285 4028 Britanni
301 3979 345 4027 illa
362 3993 377 4026 a
393 3975 498 4038 singulis
514 3978 623 4038 perpessi
639 3983 713 4036 suut,

163 4061 275 4109 delectus
308 4065 392 4108 autem
417 4060 448 4108 ab
473 4060 577 4122 imperio
601 4061 714 4110 Romano

163 4140 310 4204 imponitur.
345 4139 464 4189 Ceterum
488 4143 584 4190 dubitat
610 4159 642 4192 en
666 4144 714 4192 La·

164 4223 217 4270 tine
251 4221 347 4270 dicatur
381 4222 478 4286 eripere
507 4222 585 4271 alicui
609 4222 714 4282 domum,

164 4315 229 4365 qnae
252 4315 293 4351 res
314 4303 347 4350 sit
362 4302 510 4361 immobilis,
527 4303 580 4351 nisi
593 4303 715 4366 significet

164 4382 320 4447 exspoliare,
338 4390 460 4432 evastare.
537 4363 545 4380 ⁶

201 4461 231 4512 Si
248 4479 301 4512 sese
319 4461 441 4514 Britanni
459 4473 589 4514 numerent.
606 4465 663 4514 Liv.
680 4466 714 4514 V.

761 1391 799 1436 18.
824 1383 962 1436 Numerata
978 1387 1077 1446 saltem,
1095 1396 1154 1450 quot
1170 1387 1221 1453 ipsi
1237 1387 1307 1447 sitis,

759 1476 817 1530 quot
833 1467 992 1517 aduersmios
1008 1467 1128 1518 babeatis.
1146 1470 1237 1520 Instin.
1255 1469 1306 1520 XI.

761 1554 799 1598 13.
827 1547 928 1600 Darius
951 1549 994 1599 uic
1019 1548 1088 1599 denia
1104 1550 1209 1600 arntatis
1225 1551 1306 1615 sinqu·

759 1627 795 1678 los
820 1629 913 1690 hostes,
936 1631 959 1680 si
984 1630 1073 1681 divisio
1094 1632 1186 1694 fieret,
1211 1633 1307 1682 evenire

760 1710 865 1760 dicebat.

793 1788 837 1840 Sia
872 1789 1018 1841 Gesneanias
1051 1793 1188 1842 camerinae
1216 1795 1306 1859 iuqnm.

759 1872 876 1932 Doctius,
892 1887 969 1935 quem
984 1885 1029 1935 prc
1048 1872 1186 1923 Britannis.
1204 1874 1242 1923 Hi
1254 1881 1308 1924 tan·

759 1959 814 2004 tum
834 1958 957 2002 noverant
974 1951 1136 2002 Germaniam
1152 1953 1307 2012 inferiorem,

760 2050 811 2084 non
837 2041 862 2084 et
886 2033 1045 2097 superiorem.
1084 2034 1174 2098 Neque
1198 2035 1309 2098 superior

760 2115 938 2164 defendebatur
955 2113 1057 2174 Rheno,
1075 2116 1119 2164 sed
1127 2115 1237 2166 interior.
1261 2117 1309 2166 La·

760 2211 848 2260 gamus
877 2195 1017 2247 Germanos.
1058 2195 1101 2246 Sic
1126 2198 1230 2261 cogitari
1254 2211 1308 2261 pos·

760 2285 819 2328 sunt
843 2279 939 2327 incolae
964 2277 1113 2328 Germaniae
1130 2278 1254 2328 interioris
1263 2299 1270 2338 ς
1284 2287 1310 2330 at

760 2361 787 2408 in
816 2358 955 2410 Germaniis
970 2360 1071 2409 'debent
1091 2359 1196 2422 cogitari
1211 2360 1308 2410 incolae

760 2442 887 2506 utriusque
903 2441 988 2504 partis.

795 2519 850 2570 Sibi
871 2521 997 2586 patriam,
1024 2521 1149 2584 cortiuqes,
1171 2529 1310 2590 parentes,

760 2602 812 2652 iliis
828 2602 970 2652 auaritiam.
993 2602 1114 2652 Formule
1130 2603 1240 2652 solennis
1257 2617 1308 2652 non

760 2683 1308 2735 omittitliberor.Coniiciastereanter'lliaex·

759 2766 856 2815 cidisse.
873 2764 975 2814 In'beros
983 2768 1009 2816 iu
1019 2765 1098 2816 Codd.
1109 2767 1223 2815 scribitur
1231 2765 1308 2814 lib'cs.

800 2845 835 2896 Ut
861 2846 897 2896 D.
924 2845 1006 2896 Iulius
1030 2847 1180 2897 recessisset.
1211 2848 1309 2896 bledam

755 2929 791 2986 ,de
815 2943 914 2987 caussa,
940 2942 1003 2991 qnae
1023 2942 1065 2976 me
1081 2929 1165 2991 paullo
1182 2933 1240 2976 ante
1256 2941 1308 2976 mo·

759 3009 846 3067 vebat,
871 3015 900 3056 ut
925 3021 982 3054 cum
1004 3009 1111 3056 Ernesto
1127 3014 1240 3070 putarem
1257 3023 1309 3056 sae·

759 3089 823 3138 viret
840 3089 988 3136 mutandum
1005 3100 1059 3136 esse
1076 3089 1102 3135 iu
1120 3086 1229 3146 saevire,
1245 3086 1272 3134 h.
1290 3087 1307 3135 l.

760 3171 918 3218 scribendum
942 3169 1038 3218 iudicor
1064 3176 1092 3218 ut
1109 3167 1146 3216 D.
1164 3165 1256 3216 Iulium
1271 3181 1309 3216 re·

761 3251 870 3300 cessisse.
888 3251 957 3299 Usus
974 3251 1021 3300 iste
1033 3250 1152 3299 infinitivi
1161 3251 1226 3312 apud
1235 3247 1310 3300 Grae·

760 3347 801 3381 cos
830 3333 880 3381 late
905 3337 985 3395 patet,
1002 3333 1078 3381 etiam
1094 3337 1149 3395 post
1166 3329 1245 3390 aaut,
1264 3328 1309 3390 ὡς,

760 3415 816 3462 sim.
851 3413 941 3475 Neque
965 3413 1094 3460 insolitum
1119 3412 1227 3460 Latinis.
1249 3413 1307 3461 Iris.

761 3495 810 3543 IV.
829 3498 869 3540 51.
888 3489 977 3540 Iacere
995 3491 1087 3541 tamdiu
1105 3491 1308 3540 irritassanctio·

760 3587 802 3620 nes
828 3586 892 3634 quac
908 3570 939 3619 de
955 3572 1007 3620 suis
1024 3571 1150 3621 commodis
1160 3575 1308 3638 ferrentur:

761 3669 832 3715 qnam
857 3652 953 3702 interim
978 3652 1009 3702 de
1033 3655 1150 3719 sanquine
1167 3671 1198 3703 ac
1214 3657 1309 3722 suppli-

761 3733 798 3782 cio
823 3750 866 3782 suo
892 3733 966 3798 leqem
991 3734 1121 3799 confestim
1146 3738 1268 3798 eumeni,
1287 3747 1310 3788 et

761 3823 854 3864 tantane
886 3815 933 3864 vim
958 3815 1053 3866 labere.
1098 3816 1170 3866 Couf.
1198 3817 1309 3870 Gronov.

762 3893 853 3946 Iulium
878 3899 909 3946 ab
934 3898 1045 3946 hostibus
1062 3897 1157 3946 Divum
1174 3901 1308 3962 appellari,

761 3979 806 4028 vix
830 3980 877 4028 sibi
902 3979 1049 4042 persuadere
1065 3983 1161 4040 poterat
1178 3980 1308 4042 Engelius.

762 4059 876 4118 Tacitus,
900 4065 973 4122 puto,
998 4073 1076 4121 quum
1096 4058 1239 4108 huiusmodi
1256 4075 1309 4110 ora·

761 4141 842 4188 tiones
865 4141 950 4202 fingit,
977 4155 1028 4187 non
1046 4153 1061 4186 a
1077 4137 1130 4186 reri
1146 4139 1309 4189 similitudine

761 4222 885 4269 discedere
902 4221 973 4270 solet.
999 4220 1100 4268 Nomen
1118 4219 1178 4267 Iulii
1196 4218 1309 4270 Caesarie
1405 4259 1407 4262 .

761 4302 788 4349 iu
806 4301 940 4350 Britannia
948 4305 1001 4348 erat
1009 4299 1238 4348 celebratissimum.
1255 4301 1309 4351 Me·

761 4383 840 4431 moria
862 4380 1058 4438 instaurabatur,
1081 4379 1202 4430 Romanis
1218 4382 1309 4433 iterum

761 4463 886 4526 ingressis.
923 4461 1051 4524 Augustus
1068 4461 1116 4510 dici
1134 4462 1233 4511 amabat
1247 4461 1310 4512 Dici

1183 4549 1212 4592 10
