3134 5310
251 511 290 572 tu
680 523 831 570 connnnu
856 521 968 569 rrurrr

249 693 358 758 rennio
399 693 567 760 Senecioni
609 695 732 760 Priscus
768 691 927 758 Helvidius
962 693 1082 758 laudati
1113 707 1235 773 essent,
1261 698 1399 787 capitale

247 797 361 877 fuisse,
391 821 495 888 neque
525 799 559 864 in
590 801 672 888 ipsos
693 795 788 864 modo
820 810 982 877 auctores,
1014 797 1068 864 sed
1091 798 1124 863 in
1147 799 1243 866 libros
1268 823 1398 894 quoque

249 925 357 967 eorum
397 905 569 981 saevitum,
606 903 751 994 delegato
785 902 956 969 triumviris
990 903 1181 982 ministerio,
1213 919 1248 971 ut
1279 931 1396 974 monu-

250 1052 360 1117 cupitele
379 1054 480 1118 scisse,
502 1067 548 1104 nec
564 1055 590 1103 in
608 1053 718 1118 epilogo,
736 1051 796 1101 obli·

250 1141 302 1192 tus,
327 1149 391 1198 quae
416 1141 489 1183 antea
514 1142 650 1194 nauasset,
672 1150 715 1182 nos
731 1133 796 1182 inno·

250 1215 314 1264 ocuti
346 1215 465 1279 sanquine
487 1213 656 1268 Materierlses
668 1213 796 1280 persedit.

252 1297 304 1345 Ubi
328 1301 413 1345 autem
434 1295 543 1346 Romani
565 1297 694 1361 legerent?
712 1297 797 1344 Histo

251 1379 289 1426 ria
304 1384 444 1441 temporum
461 1379 572 1441 ipsorum
588 1393 635 1428 nec
650 1377 798 1428 vitaDomi·

250 1459 313 1508 tieni
338 1461 460 1509 exstabat.
487 1460 641 1522 Legebstur,
667 1460 749 1517 aiunt,
770 1459 798 1506 iu

252 1541 313 1590 actis
337 1541 432 1590 diurnis
449 1541 534 1603 populi
551 1541 667 1590 Romani.
691 1540 798 1591 Wexius

252 1622 328 1670 etiam
344 1623 446 1685 putabat
462 1635 516 1670 esse
531 1623 586 1686 ipsa
601 1623 693 1671 decreti
709 1621 797 1670 verba:

251 1701 393 1752 Laudatum
414 1700 550 1751 Tiramam
566 1699 675 1750 auam
689 1700 799 1766 capitale

251 1791 311 1832 erto.
337 1782 379 1833 Ne
403 1785 438 1832 sic
463 1783 565 1847 quidem
589 1783 716 1832 tolleretur
736 1783 800 1831 illud

250 1864 345 1914 humile
370 1867 397 1915 iu
415 1865 524 1928 lepimue.
542 1861 610 1912 Acta
626 1862 716 1912 diurna
732 1870 799 1914 recte

251 1946 314 1995 milri
334 1959 477 2010 comparare
496 1943 583 1993 videor
599 1959 657 1993 cum
674 1942 799 1994 Munitore

252 2026 360 2076 Franco.
377 2029 435 2077 Iam
451 2039 497 2076 uec
514 2025 643 2075 Romanus
658 2039 706 2076 uec
720 2025 799 2074 Fran·

250 2123 294 2158 cus
325 2109 470 2166 historicus,
503 2107 554 2157 nist
587 2107 657 2156 omni
699 2109 798 2171 elegan-

251 2191 301 2240 tiae
339 2203 413 2238 sensu
445 2188 594 2247 destitutus,
627 2189 799 2238 testimonium

250 2269 394 2319 huiusmodi
417 2268 559 2317 libellorum
576 2267 689 2327 adhibet,
705 2271 755 2318 ulsi
771 2271 797 2319 in

250 2353 375 2410 dissensu,
401 2349 435 2408 si,
459 2350 527 2413 quod
543 2349 595 2412 ipse
611 2362 699 2397 vemm
715 2356 797 2412 putat,

251 2435 296 2482 teli
321 2432 465 2482 auctoritate
489 2429 631 2479 confirmari
647 2443 719 2493 posse
736 2432 797 2480 arbi·

253 2520 340 2563 mauu.
358 2514 436 2562 Nulla
451 2512 492 2560 hio
509 2518 561 2560 erat
577 2525 676 2571 caussa,
689 2526 797 2561 curcen-

253 2596 404 2653 firmaretur,
421 2595 488 2657 quod
505 2599 562 2641 ante
579 2593 640 2640 duos
656 2599 706 2640 tres
720 2607 798 2642 annos

254 2675 389 2734 acciderat,
405 2676 473 2737 quod
488 2687 563 2722 nemo
579 2674 722 2734 ignorabat,
731 2677 799 2738 quod

254 2756 403 2818 gravitatem
427 2769 456 2803 ac
479 2754 689 2817 pulchritudinem
710 2757 798 2805 oratio·

255 2837 306 2894 nis,
324 2837 399 2900 idque
411 2837 437 2884 in
451 2835 567 2894 exordio,
576 2836 714 2885 dedecorat.
725 2837 798 2886 Prae-

253 2923 322 2966 tereo
345 2911 431 2966 dubito
455 2918 583 2981 equidem,
609 2932 641 2966 en
657 2919 705 2967 ista
721 2919 756 2966 sic
772 2919 798 2967 in

254 2999 315 3048 actis
339 2999 492 3061 legerentur,
513 3005 542 3046 ut
563 2999 671 3049 Wexius
691 2999 798 3048 volebat.

255 3081 441 3130 Dominitianus
448 3119 454 3139 ,
462 3081 549 3140 credo,
559 3095 610 3129 non
619 3081 723 3130 tulisset.
734 3081 800 3128 Tam

253 3162 390 3210 incuriosus
419 3175 471 3209 non
496 3167 560 3220 erat,
585 3162 645 3224 quid
670 3162 799 3225 posteritas

254 3242 392 3290 ludicature
407 3247 471 3290 esset
487 3242 518 3290 de
530 3255 612 3304 poeno
628 3243 722 3290 crimen
737 3243 799 3289 adeo

253 3329 392 3386 superante.
418 3322 451 3372 In
476 3322 537 3370 actis
561 3335 661 3371 caussae
686 3321 799 3386 supplicii

253 3402 418 3452 afferebantur
434 3403 573 3466 graviores,
589 3417 663 3452 verae
672 3417 704 3451 au
713 3403 797 3464 falsae,

253 3498 304 3532 non
328 3483 412 3532 refert.
439 3485 472 3532 ut
498 3484 561 3533 aliae
578 3486 610 3534 eb
626 3484 682 3533 eliis
698 3486 798 3533 tradun-

252 3571 305 3622 tur,
330 3577 375 3612 cur
390 3565 507 3614 Rusticus
523 3551 554 3615 ei
565 3566 671 3616 Senecio
687 3567 798 3614 damuati

253 3645 311 3693 siut.
338 3644 473 3694 Suetonius
488 3648 515 3695 in
532 3649 584 3696 vita
600 3648 740 3698 Domitiani
756 3661 798 3697 ex·

253 3727 335 3789 empta
358 3733 480 3776 memoret
505 3727 676 3777 Romanorum
706 3728 798 3778 leuissi-

252 3821 292 3855 ma
309 3806 339 3856 de
355 3821 445 3856 caussa
461 3809 673 3872 interemptorum.
688 3810 798 3859 Itaiudi-

252 3894 292 3938 eat
318 3888 465 3949 Suetonius,
489 3897 518 3938 nt
541 3889 582 3938 hic
609 3891 711 3939 Tacitus
736 3892 798 3940 iudi·

252 3975 299 4018 cat.
330 3969 426 4020 Neuter
456 3977 511 4019 acta
534 3971 633 4034 respicit
658 3973 684 4020 in
709 3973 799 4036 quibus

252 4051 364 4100 ‹lamnati
388 4050 442 4100 iure
467 4051 541 4100 occisi
557 4053 713 4103 videbantur.
744 4054 799 4104 llos

252 4131 407 4180 difficultates
424 4145 539 4195 superare
552 4131 622 4192 licet,
632 4141 731 4198 accepta
741 4135 799 4198 Lip-

252 4212 282 4260 sii
313 4213 486 4262 emendatione
514 4211 631 4272 uidimus,
661 4215 702 4264 vel
726 4229 798 4277 mee,

251 4293 406 4343 merainimus.
433 4293 557 4360 Tempore
578 4294 718 4346 Domitiani
735 4311 800 4347 com·

252 4373 372 4423 mercium
405 4377 523 4440 loquendi
552 4381 718 4447 audiendique
747 4390 799 4434 erut

252 4455 798 4528 ademptum,memorinmserrsrimns.llrgo

844 1060 868 1101 et
892 1053 1052 1102 meminimus
1076 1053 1137 1116 quid
1153 1053 1256 1104 Rustico
1274 1063 1298 1105 et
1316 1055 1396 1108 Sene-

842 1133 909 1182 cioni
926 1134 1049 1183 acciderit.
1067 1133 1127 1183 Nou
1144 1136 1215 1185 obliti
1232 1151 1330 1198 sumus,
1348 1153 1397 1189 nec

843 1213 917 1263 focile
942 1215 1118 1264 obliviscemur
1133 1222 1186 1264 tem
1202 1218 1273 1267 triste
1289 1219 1395 1270 facinus.

844 1295 923 1343 Inviti
947 1296 1094 1344 meminimus
1120 1309 1220 1357 rerum,
1246 1314 1308 1362 quas
1334 1302 1396 1350 obli·

843 1377 905 1426 visci
930 1377 1074 1437 mallemus,
1100 1379 1122 1426 si
1147 1378 1261 1428 oblivisci
1286 1387 1352 1430 esset
1368 1383 1395 1430 iu

843 1463 929 1507 nostra
952 1463 1081 1521 potestate.
1099 1459 1192 1523 Virgil.
1211 1460 1278 1511 Aen.
1297 1464 1335 1512 II.
1357 1467 1395 1511 lt.

846 1535 1001 1602 Quamquam
1026 1539 1120 1588 animus
1144 1542 1279 1590 meminisse
1303 1542 1396 1592 horret.

846 1619 897 1667 XI.
916 1624 972 1669 280.
991 1617 1048 1668 Nec
1063 1629 1170 1670 aeterum
1185 1623 1281 1671 memini
1289 1621 1397 1672 laetorve

845 1698 970 1749 malorum.
981 1701 1014 1761 Q.
1025 1700 1112 1751 Cicero
1121 1705 1152 1752 de
1161 1704 1315 1753 Petincons.
1325 1705 1365 1764 II,
1372 1710 1395 1754 9.

845 1779 914 1830 Nam
940 1781 1007 1842 iilis,
1035 1799 1096 1846 quoe
1119 1783 1279 1844 merainimus,
1301 1783 1396 1845 Gallis,

846 1863 889 1926 qui
906 1872 955 1912 turn
976 1861 1125 1913 Titiniorum
1142 1880 1172 1912 ac
1190 1862 1347 1914 Nanniorum
1364 1881 1395 1915 ac

849 1941 1012 1994 Tanusiorum
1044 1944 1130 2010 capita
1161 1945 1298 2006 demetant,
1323 1946 1397 1997 Sulla

845 2039 916 2074 unum
951 2023 1084 2074 Catilinam
1113 2029 1287 2092 praefecerat.
1323 2029 1395 2078 Pliu.

845 2106 941 2170 Paneg.
968 2108 1008 2156 67.
1027 2105 1084 2155 Nec
1099 2107 1227 2156 uerendum
1244 2118 1293 2168 eet,
1312 2126 1341 2158 nc
1358 2111 1395 2160 in·

845 2196 930 2236 cautos
956 2196 1030 2252 putet
1059 2189 1083 2238 si
1107 2187 1236 2250 fidelitate
1262 2199 1396 2255 temporum

845 2276 984 2318 constanter
1008 2277 1120 2328 utamur,
1143 2285 1203 2332 quoe
1223 2273 1330 2321 meminit
1351 2274 1396 2322 sat

844 2347 907 2398 meio
921 2349 1039 2414 principe
1058 2350 1134 2400 aliter
1150 2351 1251 2402 uicisse.
1271 2355 1397 2404 Traianus

844 2432 876 2481 ad
900 2431 1031 2495 imperium
1051 2433 1121 2480 veuit
1145 2433 1247 2483 biennio
1272 2441 1327 2498 post
1344 2435 1396 2485 Do·

843 2513 984 2562 minianum.
1002 2513 1066 2562 Dico
1082 2515 1394 2576 proptervirumdoctum,

843 2595 887 2658 qui
910 2595 1012 2658 putebat
1036 2595 1184 2644 meminimus
1200 2609 1252 2644 non
1270 2597 1335 2644 bene
1352 2597 1394 2644 ad-

843 2676 923 2724 hiberi
939 2677 971 2725 de
987 2676 1117 2725 interiecto
1133 2683 1185 2724 tem
1203 2677 1393 2740 exiguospatio.

845 2757 893 2805 Ille
910 2763 947 2806 est
964 2757 987 2806 1.
1005 2758 1120 2806 Heldius.
1140 2759 1171 2806 In
1181 2758 1396 2808 commentatione

844 2838 911 2886 edita
924 2837 1047 2887 Suiduicii
1060 2853 1082 2886 a.
1100 2843 1171 2888 1845.
1186 2840 1307 2902 disputat,
1317 2838 1395 2902 Agri-

845 2920 928 2968 colam,
949 2934 1002 2968 non
1027 2933 1080 2967 esse
1099 2920 1194 2978 Taciti,
1213 2920 1256 2968 sed
1272 2922 1394 2970 recentio-

844 3000 895 3059 ris,
922 3001 1003 3049 Taciti
1024 3013 1116 3049 nomen
1134 3000 1286 3059 simulantis,
1303 3013 1393 3064 quem,

845 3082 904 3144 qnia
919 3078 1016 3144 scripsit
1032 3079 1146 3145 lemnus,
1164 3081 1202 3128 sui
1216 3093 1269 3130 esse
1277 3082 1392 3132 oblitum.

878 3159 1002 3226 Delepato
1024 3160 1160 3210 triumviris
1180 3161 1323 3211 ministerio.
1359 3165 1394 3213 Iu

844 3243 962 3292 saevitum
986 3248 1045 3290 sunt
1069 3243 1162 3290 omnia.
1190 3242 1323 3302 Quomodo
1349 3253 1394 3294 aut

844 3339 887 3389 per
901 3339 973 3388 ·quos
998 3323 1131 3382 saevitum,
1157 3324 1254 3372 nemini
1276 3323 1394 3375 Rmnano

844 3413 896 3454 eret
912 3406 1034 3467 ignotum.
1053 3404 1107 3452 Nec
1123 3405 1204 3466 placet
1221 3403 1332 3468 detepeto
1349 3407 1393 3456 mi-

845 3487 954 3536 nisteria.
981 3483 1132 3548 Delepumus
1157 3485 1244 3544 alicui,
1261 3487 1329 3548 quod
1345 3487 1394 3550 ipsi

844 3569 924 3618 facere
941 3568 1065 3616 nolumus.
1082 3566 1230 3614 Domitiano
1246 3566 1348 3628 quidem
1365 3569 1393 3617 iu

844 3633 955 3698 mentem
979 3649 1066 3697 venire
1091 3661 1142 3695 non
1168 3647 1261 3710 potuit,
1286 3653 1314 3694 ut
1338 3649 1394 3710 ipse

844 3731 920 3780 libros
942 3736 1033 3779 ureret.
1069 3728 1179 3777 Solitum
1204 3733 1256 3778 eret
1281 3729 1393 3778 ministe-

844 3813 910 3860 rium
933 3811 1121 3860 triumvirorum
1145 3797 1300 3872 capiielium,
1318 3810 1394 3858 inter-

844 3893 904 3940 dum
929 3897 953 3941 et
978 3891 1103 3940 aedilium.
1130 3889 1159 3939 Si
1183 3889 1259 3940 libros
1283 3890 1324 3938 uri
1348 3903 1394 3954 per

845 3973 949 4032 aediles,
970 3974 1011 4022 vel
1033 3973 1094 4021 alios
1110 3977 1318 4035 praetermorem
1335 3986 1393 4020 con·

845 4062 943 4104 suetum
957 4057 997 4104 uri
1013 4055 1136 4113 iussisset,
1150 4053 1240 4102 ferrem
1247 4051 1395 4101 denunciato

845 4137 988 4186 ministerio.
1023 4137 1098 4186 Nunc
1130 4134 1232 4184 Tacitus
1257 4132 1394 4196 simplicius

846 4219 993 4282 scripsisset:
1019 4225 1047 4267 ut
1071 4217 1098 4266 in
1108 4218 1174 4280 soro
1190 4221 1333 4273 urerentur,
1350 4214 1393 4263 rel

845 4309 988 4360 urerentur,
1014 4315 1074 4348 nam
1099 4304 1124 4346 et
1139 4298 1208 4347 locun
1225 4310 1277 4344 non
1294 4295 1392 4358 ignora·

845 4387 893 4428 tur.
919 4381 960 4429 Ita
978 4380 1074 4429 Annol.
1095 4379 1174 4428 XIV.
1193 4381 1233 4426 50.
1251 4377 1320 4426 Nero
1338 4391 1391 4424 con-

843 4462 931 4511 uictum
963 4459 1117 4510 Veientonem
1141 4457 1221 4509 Italia
1239 4455 1348 4520 depulit,
1368 4466 1392 4506 et
