3134 5310
246 511 290 571 60
665 521 817 571 conrasit
841 520 947 568 rscrrr

248 693 312 758 lam
350 712 517 779 occupasse
549 687 698 756 credibile
718 701 774 754 est.
823 689 940 754 Eorum
964 711 1052 756 sacra
1075 688 1310 779 deprehendas,
1333 719 1399 762 su·

243 796 465 886 perditionum
497 795 717 884 persuasione3
754 815 855 860 sermo
885 793 971 858 haud
1002 795 1140 860 multum
1166 795 1327 880 diversum
1354 804 1397 866 in

245 901 449 990 deposcendis
484 900 632 988 perieulis
664 899 774 966 eadem
807 898 956 975 audacia,
986 913 1037 978 et,
1076 900 1131 965 ubi
1154 900 1327 983 advenere,
1351 907 1393 971 in

246 1146 298 1182 nc.
309 1132 389 1182 Tacit.
401 1131 498 1181 Annal.
506 1131 559 1180 111.
570 1135 593 1180 2.
602 1129 795 1194 scribitrs'iqua·
841 1131 926 1180 sertim
959 1131 986 1178 iu
1013 1131 1129 1194 exemplo
1152 1132 1275 1192 cernitur,
1299 1145 1314 1182 a
1338 1149 1398 1198 quo

242 1227 296 1262 rum
313 1212 412 1265 dacusa
429 1211 536 1278 oppida,
555 1220 634 1260 tamen
642 1211 707 1260 obuii
712 1209 794 1271 ,dola-
840 1225 926 1261 omnes
951 1210 1002 1260 iere
1027 1211 1090 1260 alius
1114 1211 1229 1260 nationes
1245 1213 1395 1266 adhoment.

241 1310 292 1343 rem
318 1295 485 1353 testabantur,
501 1293 594 1356 cogitat
608 1292 698 1356 oppida
713 1292 741 1340 in
758 1291 793 1338 di·
841 1292 1038 1341 Abhorruissent
1061 1305 1159 1356 quoque
1186 1292 1317 1353 Britanni,
1338 1297 1395 1346 nisi

240 1391 314 1426 versa
333 1382 403 1439 parte
420 1376 480 1434 sita,
498 1371 793 1437 alia,quamqnaeiuesu
839 1387 854 1420 a
871 1371 950 1422 Gallis
967 1371 1118 1422 didicissent.
1138 1372 1196 1422 Mos
1212 1373 1327 1423 victimas
1342 1376 1394 1425 hu·

242 1456 356 1506 Caesaris
373 1457 485 1505 dolorem
501 1453 588 1504 testari
601 1454 734 1503 debebant.
759 1453 791 1501 In
837 1467 927 1502 manas
955 1453 1102 1500 immolandi
1126 1459 1164 1502 est
1189 1455 1318 1514 terribilis,
1344 1458 1394 1505 sed

243 1553 273 1586 eo
298 1551 351 1590 cese
374 1543 471 1600 poterat
487 1535 586 1584 mallum
601 1535 733 1598 oppidum,
750 1549 792 1596 op
838 1548 896 1584 eum
920 1539 1057 1598 sequuntur
1078 1533 1243 1596 persuasione
1267 1537 1393 1600 supersti-

241 1619 319 1681 pidis,
341 1616 428 1666 testari
444 1615 531 1675 iussis,
549 1616 688 1664 adversum.
723 1615 792 1677 Ergo
838 1615 942 1674 tionum,
968 1627 1032 1677 quae
1057 1614 1241 1673 nummulus,
1258 1616 1395 1666 sednulla

241 1699 342 1747 Ernest.
360 1697 504 1759 imprudens
520 1701 647 1758 comparat
662 1709 720 1744 cnm
738 1696 792 1744 An·

242 1779 293 1828 nal.
319 1778 357 1826 11.
374 1781 414 1826 60.
435 1774 567 1826 Graeciam
583 1783 697 1840 repetens
714 1775 792 1825 diver-

242 1875 295 1908 sum
317 1857 353 1906 ad
367 1873 435 1906 mars
452 1865 592 1920 terramque
608 1855 712 1921 Libyam
729 1856 791 1906 deie-

242 1949 310 2000 ctus,
335 1953 399 2004 quae
416 1939 452 1988 ibi
467 1945 535 1988 recte
550 1939 738 2002 interpretatur:
757 1938 793 1987 di·

243 2037 340 2069 uersum
364 2034 445 2078 mare,
462 2021 530 2083 quod
546 2025 610 2068 asset
626 2020 654 2068 iu
670 2020 794 2068 contraria

242 2103 317 2165 plaga
347 2103 384 2161 ei,
417 2115 467 2164 qua
492 2107 568 2160 esset,
593 2101 661 2163 quod
685 2101 792 2162 petebat.

243 2183 378 2232 Britannia
402 2189 427 2232 at
452 2179 547 2239 Gallie,
569 2181 633 2230 mari
649 2187 791 2242 separatae,

243 2268 391 2326 procurrunt
416 2261 448 2309 ad
472 2275 554 2319 mare,
580 2267 638 2308 sunt
659 2265 740 2308 terrae
756 2259 793 2310 di·

244 2356 345 2401 ansae,
371 2356 405 2391 ex
428 2342 527 2391 diversa
547 2346 617 2403 parte
633 2337 792 2403 procurrunt,

245 2440 277 2472 ee
300 2423 396 2472 diversa
420 2423 473 2472 lare
498 2429 595 2481 coeunt,
617 2427 646 2469 ut
670 2427 707 2470 est
729 2423 794 2485 apud

246 2507 278 2555 P.
305 2504 401 2554 Malam
419 2506 441 2553 I.
461 2509 482 2552 1.
503 2502 593 2562 Mare,
611 2502 680 2567 lanqe
697 2501 794 2566 lateque

245 2585 365 2649 diffusum
390 2585 469 2648 abiqit
491 2593 561 2633 vaste
577 2583 689 2634 cedentia
705 2584 793 2644 litora,

246 2665 381 2729 iisdemque
398 2681 428 2714 eu
441 2665 538 2714 diuerso
553 2681 634 2730 prope
651 2665 790 2714 coeuntibus

246 2746 308 2796 adeo
325 2747 351 2796 in
367 2753 462 2796 arctum
478 2745 576 2810 aqitur,
595 2754 622 2794 ut
635 2746 713 2795 minus
730 2747 795 2796 mille

242 2827 361 2894 passibus
382 2835 481 2892 puteat.
521 2825 573 2876 Sed
594 2836 747 2890 procurrunt
768 2829 795 2876 iu

244 2908 358 2968 diuersa,
383 2915 436 2967 aet,
453 2908 480 2956 in
497 2908 622 2957 diversam
644 2915 751 2972 partam3
768 2909 795 2956 in

246 3007 277 3042 eo
292 2993 322 3043 fit
335 2997 431 3050 motus,
447 2996 476 3038 ut
492 2990 571 3039 altera
586 2996 653 3040 terra
668 2997 796 3053 praesuret

245 3076 272 3124 in
298 3076 426 3132 dextram,
452 3071 530 3121 altera
546 3072 572 3121 iu
590 3071 729 3131 sinistram,
745 3087 795 3135 quo

246 3169 273 3204 sc
289 3155 397 3203 invicem
408 3158 576 3214 praetereant,
586 3159 610 3202 at
618 3153 706 3201 vitent.
715 3153 795 3200 Fron·

837 1697 946 1754 saevior,
971 1709 1047 1759 qnam
1072 1695 1134 1743 haec
1156 1697 1309 1759 superstitio,
1326 1698 1394 1748 haec

836 1777 940 1839 religio,
956 1790 1020 1839 quae
1036 1775 1068 1824 iis
1084 1775 1218 1838 persuasit,
1234 1778 1392 1838 utcradsnt,

837 1871 864 1906 se
888 1871 942 1906 ram
966 1857 1047 1906 lacere
1072 1855 1133 1905 Deis
1149 1863 1260 1918 matam,
1277 1857 1389 1908 homini·

837 1938 883 1986 bus
907 1937 1075 1986 Immolandis.
1115 1937 1212 1985 Eodem
1236 1951 1311 1986 sensu
1337 1940 1393 1988 Ln-

838 2017 941 2075 cretias,
966 2023 1067 2066 nancto
1090 2017 1238 2079 Iphigeniae
1254 2019 1391 2080 suuncio,

838 2098 974 2148 exclamat:
1005 2095 1111 2146 Tantam
1128 2097 1216 2161 reliqio
1229 2100 1315 2163 potuit
1330 2115 1393 2150 suu·

839 2178 896 2227 dere
912 2178 1047 2228 malorum!
1067 2179 1178 2227 Tantum
1194 2181 1318 2228 malorum
1331 2195 1393 2230 uas·

838 2260 901 2308 oiarr
916 2261 1076 2322 persuasione
1092 2260 1297 2323 superstitionum
1307 2264 1311 2311 Ι
1323 2259 1393 2312 Snu-

839 2339 910 2400 dsre,
939 2339 1106 2404 persuadere,
1132 2341 1249 2390 uetuere
1281 2349 1310 2392 nt
1343 2345 1392 2392 fiat

840 2420 946 2478 arianae,
963 2422 990 2470 in
1016 2422 1050 2470 N.
1078 2422 1120 2480 T„
1137 2429 1198 2472 nota
1214 2430 1272 2472 sunt
1288 2425 1315 2472 in
1331 2425 1392 2474 reli·

839 2503 922 2565 gionc.
949 2501 1041 2552 Caesar
1058 2503 1091 2551 B.
1110 2502 1142 2553 G.
1162 2505 1195 2554 V.
1217 2510 1255 2554 14.
1273 2503 1391 2555 Druides

841 2583 960 2648 imprimis
990 2583 1033 2632 isac
1057 2583 1141 2633 uolunt
1162 2585 1317 2649 persuadere
1342 2601 1392 2634 non

841 2665 943 2713 interire
964 2664 1067 2714 animas.
1102 2665 1192 2715 Horat.
1220 2665 1295 2716 Satis.
1320 2667 1344 2716 I.
1363 2671 1391 2716 5.

841 2743 910 2793 Dum
928 2745 1033 2807 flamma
1052 2747 1111 2795 'sine
1133 2755 1192 2796 tura
1208 2745 1342 2809 liquescere
1359 2745 1393 2796 li-

840 2827 903 2876 mine
927 2843 1007 2886 samo,
1033 2824 1192 2876 Persuadere
1216 2827 1285 2890 cupit
1300 2825 1394 2876 medas

842 2903 952 2954 Iudaeus
977 2903 1079 2971 Apella.
1105 2909 1143 2957 Ut
1167 2909 1301 2972 legendum
1324 2913 1391 2970 puto

840 3001 885 3050 pro
915 2985 1008 3036 Credat
1033 2985 1144 3038 Iudaeus
1160 2987 1261 3054 Apella.
1297 2987 1394 3051 Apella

841 3069 961 3126 Iudaeus,
987 3071 1146 3131 persuasione
1171 3068 1391 3134 superstitionum,

840 3150 955 3199 credebat
978 3156 1035 3198 utra
1055 3152 1192 3215 liquescere
1207 3151 1262 3200 sine
1277 3149 1390 3198 flamma.

247 3235 294 3283 tin.
321 3233 429 3294 Susteg.
448 3233 471 3280 I.
489 3237 513 3280 5.
531 3229 658 3281 Anacutas
675 3233 700 3280 in
717 3232 795 3281 diver·
841 3230 899 3279 Hoc
922 3236 951 3278 ut
975 3233 1085 3281 crederet
1110 3245 1156 3280 suu
1176 3231 1215 3280 illi
1230 3231 1332 3292 religio,
1350 3245 1392 3279 su-

247 3329 300 3362 sum
325 3311 409 3362 tostin
433 3326 460 3361 r.
485 3310 600 3362 Oudend.
619 3313 707 3362 Valer.
725 3313 795 3362 Flac·
840 3312 952 3374 perstitio
976 3318 1142 3374 pemnsaarat,
1168 3319 1194 3361 at
1217 3311 1277 3369 tibi,
1293 3316 1322 3360 ut
1337 3309 1392 3360 ara·

247 3411 291 3444 eus
307 3395 358 3444 IV.
368 3395 425 3444 ast.
437 3391 491 3448 Qua
500 3391 612 3443 diuersus
620 3395 691 3444 ubist
710 3394 795 3456 Quare
841 3393 895 3451 das,
930 3395 1079 3456 persuadere
1112 3393 1187 3456 cupit.
1223 3391 1331 3442 Wexius
1364 3397 1394 3442 et

245 3478 326 3527 multo
350 3477 438 3525 saltem
462 3475 559 3524 lucilius
582 3482 646 3526 essct
661 3477 688 3525 in
707 3476 795 3524 Tacito
841 3474 954 3522 Kritaias
978 3475 1005 3522 in
1024 3474 1112 3523 Tacito
1129 3473 1261 3522 ediderunt
1275 3483 1310 3519 ax
1331 3485 1393 3521 aon·

245 3556 793 3621 legere:Procurrentidusinadversaterris.
841 3555 933 3604 icctssra
966 3555 1015 3604 viri
1046 3555 1112 3604 docti
1137 3553 1202 3617 apud
1227 3551 1391 3611 Wslchium,

146 3682 149 3687 ,
249 3638 382 3687 Britannia
398 3643 423 3686 ct
440 3635 523 3685 Gallia
539 3651 572 3684 ex
588 3638 686 3686 diverso
700 3636 747 3686 sibi
756 3651 795 3684 oc·
840 3633 1040 3699 superstitionum
1053 3633 1245 3700 persuasiones,
1261 3637 1290 3680 ut
1310 3633 1393 3684 oratio

247 3723 359 3767 currunt.
394 3717 482 3765 Vates.
507 3716 613 3766 Flaccus
639 3716 718 3766 VIII.
738 3721 794 3766 195.
841 3717 922 3765 Taciti
935 3713 1391 3779 isaperasynderaefferrasumaaru,

246 3800 350 3864 iqnarus
360 3797 434 3860 fleas
454 3796 504 3845 iam
520 3797 614 3845 numine
630 3797 704 3861 ripas
720 3793 795 3845 Stura
837 3797 1156 3862 permasiones,sermosq.
1166 3794 1395 3858 Sic,puto‚supar·,

247 3895 325 3944 neque
342 3877 455 3928 aduersis
471 3877 540 3926 ultra
556 3891 701 3926 concurrere
717 3878 794 3926 susis.
841 3877 1391 3942 stitionesplusasacrisdiscernuntur,quum

248 3961 428 4027 Symplegadas
453 3974 504 4008 non
524 3959 630 4022 amplius
646 3965 796 4008 concmruut
841 3961 964 4008 sententia
980 3960 1080 4022 patitur.
1094 3957 1161 4005 Tum
1177 3955 1281 4004 fortnas
1297 3956 1392 4006 melius

247 4037 796 4103 exdivarsainadrerssnn.1psarerbaadaer·
840 4035 1395 4103 erat:earumsaeradeprelnndaasapersti·

248 4141 292 4176 sus
307 4131 332 4175 at
348 4123 461 4173 diuersus
476 4123 503 4174 in
513 4122 575 4171 Mss.
585 4119 730 4183 plerumque
738 4133 794 4167 oon-
843 4121 931 4170 tionum
933 4117 1392 4188 persuasionem.'Ialisappositiocou·

247 4207 393 4256 mudantur.
399 4219 424 4254 V.
431 4203 499 4254 Cori.
505 4205 538 4254 ad
547 4201 649 4252 Sallust.
656 4200 688 4248 Β.
695 4200 794 4262 Iugffl.
839 4203 929 4266 iungit,
935 4203 1001 4266 quod
1010 4201 1118 4266 separari
1127 4212 1178 4248 non
1186 4199 1268 4248 debat,
1278 4195 1394 4249 Perm-

282 4285 489 4351 Superstitianum
499 4283 670 4350 permotione.
686 4280 794 4343 Italegi·
840 4283 929 4332 sionem
937 4285 1052 4334 scribitur
1056 4267 1227 4348 persuasori.
1238 4279 1393 4344 Asyndetou

249 4375 290 4414 tur
315 4367 341 4414 in
368 4367 498 4416 Vaticanis
523 4373 548 4416 ct
573 4367 631 4416 Pur.
651 4363 795 4414 Similitudo
841 4365 1000 4414 Failitnechio
1025 4366 1116 4414 darum
1132 4363 1238 4412 videtur.
1276 4364 1392 4415 rAblati·

250 4458 388 4506 sscrcrum,
413 4463 470 4498 eum
495 4449 521 4497 in
547 4447 615 4507 aliis,
650 4451 703 4494 tum
727 4458 794 4508 prae·
840 4461 886 4496 rus
908 4445 1083 4512 perseeutione,
1106 4445 1178 4506 dicit,
1205 4459 1257 4495 non
1281 4445 1394 4508 persinas
