3130 5308
665 529 837 579 reumont.
1257 519 1319 582 12⁷

174 700 285 768 nullae
321 698 482 763 Romanos
517 701 667 788 coniuges
700 697 902 778 accendunt,
939 701 1019 768 nulli
1043 713 1188 792 putentes
1211 702 1320 792 iugem

174 803 398 896 exprobraturi
432 814 530 883 sunt;
568 816 623 870 sut
654 805 744 870 nulls
777 805 937 894 plerisque
971 808 1073 897 petrin
1097 819 1154 872 sut
1177 805 1238 872 slis
1261 819 1319 874 sn.

175 911 298 976 Paucos
328 929 486 986 numero,
511 908 650 998 trepidos
670 911 873 999 ignorantia,
898 911 1022 977 coelum
1045 912 1149 1001 ipsum
1174 934 1211 978 uc
1233 933 1321 978 mure

174 1028 208 1082 et
242 1014 358 1092 silves,
393 1014 501 1101 ignote
535 1015 642 1085 omnis
671 1016 995 1106 circumspectantes,
1020 1017 1142 1083 clausos
1165 1017 1320 1107 quodum·

175 1119 270 1186 moda
306 1139 344 1184 sc
377 1118 498 1184 vinctos
533 1117 577 1184 dii
611 1119 703 1186 nabis
738 1120 949 1192 tradiderunt.
997 1121 1046 1190 No
1072 1135 1189 1190 torrent
1223 1145 1323 1190 rsnus

173 1367 234 1426 nei,
258 1365 346 1426 umici,
362 1365 445 1430 leges,
462 1365 590 1428 institute,
607 1367 730 1418 memorie
774 1367 861 1418 blicam
885 1369 1014 1433 efficerent.
1039 1381 1077 1435 sq.
1102 1368 1200 1419 Elstor.
1225 1369 1264 1420 11.
1281 1375 1323 1421 80.

172 1447 318 1508 maiorum,
342 1446 400 1496 elie.
425 1447 483 1496 Ium
504 1449 537 1497 ab
553 1447 655 1498 ineunte
671 1451 729 1498 edc-
776 1447 842 1506 Quin
858 1457 883 1500 et
895 1449 1062 1515 provinciales
1078 1459 1146 1501 sueto
1160 1450 1323 1500 militumcon·

172 1529 297 1580 lsscentiu
320 1541 426 1592 peregre
449 1527 604 1590 militantes,
626 1531 730 1582 undem
776 1529 883 1580 tubernio
905 1530 1062 1595 pandebant,
1082 1531 1198 1598 plerique
1222 1530 1324 1581 nmssri·

173 1611 205 1660 in
230 1624 288 1660 essu
311 1611 417 1660 veniunt
441 1609 602 1674 opinionem,
622 1612 730 1674 petrium
775 1610 899 1662 tudinibns
915 1620 938 1662 et
951 1613 1182 1679 propinquitatibus
1198 1611 1284 1669 mern
1300 1619 1325 1661 rt

174 1705 248 1752 esse,
273 1691 415 1754 ubieunque
439 1691 504 1741 bene
528 1697 573 1742 est.
590 1692 659 1742 Illud
675 1693 730 1742 berre
775 1692 892 1743 militibus
906 1701 1028 1744 caumate
1043 1694 1219 1760 stipendiorum
1233 1702 1325 1744 notuet

174 1787 231 1822 esse
262 1773 290 1820 fit
314 1785 402 1822 eorum
425 1772 515 1834 petris.
549 1772 609 1822 Hos
638 1774 730 1838 Lycius
769 1774 920 1838 familiaria
943 1784 1030 1824 castra
1050 1775 1076 1826 in
1091 1775 1185 1825 ntadurn
1196 1776 1325 1842 penatium

177 1853 251 1905 Orst.
266 1859 354 1904 couno
370 1852 507 1902 Philonem
523 1868 548 1917 p.
566 1856 674 1904 iamed.
683 1855 729 1906 Co·
775 1853 948 1919 diliqebantur.
969 1855 1078 1906 Wexius
1094 1857 1185 1919 occipit
1200 1857 1232 1905 da
1248 1857 1325 1906 Butu-

173 1937 226 1984 bet.
252 1935 288 1984 sio
311 1934 449 1997 expressit:
469 1932 518 1982 sul
535 1935 587 2003 peip
606 1936 633 1984 οἳ
650 1935 731 1995 obers
774 1937 830 1996 vis,
853 1935 947 1996 Gellis,
965 1935 1115 1996 Germanis,
1131 1938 1190 2001 qui,
1206 1937 1324 1986 enmhu·

174 2012 228 2076 μὲν
252 2013 369 2063 molienti
386 2015 455 2075 alar,
476 2014 570 2082 γνώμῃ
589 2015 621 2067 δὲ
639 2018 729 2085 χρῶν·
775 2019 850 2068 beunt
865 2019 986 2081 parium,
1003 2033 1072 2068 nunc
1087 2024 1154 2068 cette
1169 2019 1197 2068 in
1210 2018 1259 2067 hoc
1267 2019 1324 2068 Bri·

174 2113 227 2146 sas
258 2095 292 2154 ὡς
326 2097 402 2146 rrius
437 2101 473 2162 pri
505 2099 610 2165 mesple
634 2100 730 2159 αὐτοῖς
774 2099 876 2148 nonies
892 2099 958 2148 bello
974 2114 1026 2150 non
1042 2114 1090 2165 pro
1105 2100 1187 2163 patrie
1202 2107 1325 2164 pugnent.

174 2182 252 2230 iam
269 2179 298 2228 lu
307 2164 326 2244 ᾗ
336 2177 370 2228 ἂν
381 2177 676 2247 τὼητήδιοαέχυσιν,
688 2167 729 2232 si·
775 2180 858 2229 Kritz.
877 2203 889 2224 r
898 2179 1004 2230 Nullam
1019 2182 1126 2246 putrium
1139 2182 1325 2236 moerentem·

176 2279 223 2312 tos
239 2259 319 2328 δῆλοὶ
338 2261 409 2311 eleos
426 2260 471 2310 ὅτι
484 2261 527 2323 dr,
545 2262 683 2330 παρέντες
697 2267 729 2315 τὸ
774 2267 815 2310 tur
840 2275 874 2311 ex
899 2261 1035 2323 Romanis,
1060 2264 1103 2328 qul
1124 2263 1189 2316 daed
1204 2264 1266 2315 nibil
1282 2263 1325 2314 ba·

174 2348 228 2410 τῆς
250 2343 356 2400 πόλιος
381 2344 469 2393 susle
494 2343 612 2408 ἀγαθὸν,
632 2347 680 2397 lrrl
697 2349 729 2398 τὸ
776 2344 842 2404 tent,
868 2343 934 2408 quod
955 2344 989 2394 iis
1014 2361 1098 2395 carum
1113 2344 1159 2406 sit,
1176 2355 1200 2395 et
1212 2363 1262 2412 pro
1278 2362 1325 2411 quo

176 2425 285 2476 lausus
300 2423 379 2474 iduor
394 2424 492 2493 κέρδος
508 2426 630 2491 iliosis,
642 2429 729 2481 διὰτὸ
772 2436 896 2492 puqnent,
929 2429 1029 2480 nullum
1052 2429 1133 2478 lenem
1156 2428 1324 2488 similiorem

176 2509 216 2574 ps,
245 2509 298 2573 ep
313 2505 395 2557 stur
412 2505 482 2556 etse
497 2511 549 2574 esp
564 2511 661 2562 statuo
674 2529 728 2563 ne.
775 2509 858 2558 nullos
888 2523 975 2573 amos.
1000 2510 1083 2558 nullas
1106 2510 1225 2574 sminge
1250 2515 1324 2574 uque

175 2588 266 2658 cpida
291 2587 402 2647 ἑαυτοῖς
426 2589 567 2655 ἡγεῖσθαι.
591 2610 616 2660 q.
639 2596 657 2645 l.
674 2596 730 2646 illu-
775 2591 874 2640 liberos.
900 2588 985 2640 Aliam
1008 2591 1118 2651 hubent,
1143 2591 1188 2657 qui
1203 2605 1256 2641 non
1272 2589 1323 2640 Ra-

175 2673 266 2724 strusit
288 2673 403 2722 Muretus
419 2672 446 2722 in
463 2674 525 2724 Ver.
543 2675 614 2726 Lect.
632 2677 729 2726 111.s.
775 2673 841 2723 mani
864 2680 934 2735 sunt,
957 2675 1002 2724 sed
1017 2680 1161 2724 exterarum
1176 2676 1324 2734 notionum

175 2754 244 2805 Sunt
269 2754 346 2804 etiem
369 2753 491 2814 Romani,
507 2757 598 2821 quibus
615 2756 669 2807 alia
682 2773 730 2823 pu·
774 2770 865 2820 quere,
882 2771 961 2820 quum
976 2757 1004 2806 in
1021 2755 1137 2808 Romano
1154 2758 1266 2808 exercitu
1273 2771 1324 2808 ure·

176 2836 232 2886 tric
255 2841 292 2886 est
318 2833 405 2900 sitq,
423 2833 495 2901 ξένη.
512 2837 551 2887 Hi
576 2839 666 2888 notulis
682 2839 730 2888 soli
774 2843 844 2900 rent,
874 2853 925 2888 non
950 2853 996 2903 pro
1021 2854 1067 2888 sus
1089 2840 1170 2903 patrie
1193 2834 1324 2904 pugnent,

175 2919 338 2968 immemores
352 2917 453 2981 ismqu
469 2917 556 2979 obliti,
573 2933 686 2984 peregre,
701 2921 729 2969 in
775 2920 819 2969 sed
834 2934 881 2982 pro
896 2918 976 2968 alieno
992 2919 1124 2984 immrioi'

176 2999 233 3063 ipse
260 3012 360 3063 quoqne
385 2997 536 3060 Britannis,
561 3001 657 3066 reliquid
682 3001 730 3050 sibi
800 2997 891 3064 Iquota
907 3001 987 3050 onmia
1005 3001 1243 3066 circumspectantes.
1262 3000 1324 3052 Coe·

175 3078 300 3143 repensio
323 3079 453 3140 ridemur,
478 3082 547 3146 quod
562 3083 670 3146 petrium
686 3095 729 3132 sx-
773 3081 841 3141 lum,
874 3094 960 3140 mere,
994 3081 1086 3140 silves,
1119 3083 1205 3132 omniu
1238 3083 1326 3147 ignoto

175 3161 294 3210 intiment
314 3165 339 3210 st
354 3160 496 3226 oppetunt,
514 3163 542 3212 in
557 3177 623 3228 qus,
641 3163 728 3214 emen'·
774 3169 841 3211 snnt.
859 3162 898 3212 Ea
914 3161 1132 3227 circumspectant,
1148 3170 1177 3213 nt
1192 3165 1276 3218 timidi
1290 3165 1325 3218 lu·

176 3241 213 3291 tis
230 3241 375 3304 stipendiis,
391 3244 419 3294 in
435 3243 488 3291 otiu
503 3248 559 3293 tutu
574 3245 728 3306 recedentes,
774 3257 831 3294 core
847 3243 942 3304 solent,
959 3244 1098 3307 pericnlum
1113 3252 1262 3298 metuentes.
1283 3248 1326 3300 Ite

176 3323 206 3372 in
223 3323 392 3386 propriolum
408 3324 494 3374 virere
510 3331 535 3374 et
551 3339 729 3378 consenescere
775 3324 856 3375 Sinon
881 3325 924 3374 ille
945 3327 1012 3390 opud
1029 3327 1123 3391 virgil.
1141 3327 1210 3379 Aen.
1227 3331 1265 3380 11.
1283 3334 1325 3382 al.

177 3410 204 3454 st
226 3405 293 3454 mori
308 3412 424 3468 sperent:
443 3404 553 3455 Romuni
567 3407 670 3471 quidem
686 3422 729 3457 na·
776 3405 892 3469 Namque
916 3414 945 3454 ut
961 3416 1090 3471 conspectu
1107 3408 1133 3457 in
1148 3409 1226 3458 medio
1243 3412 1325 3461 turbu·

177 3493 251 3546 ture,
276 3487 322 3536 sed
345 3499 406 3536 veru
428 3487 510 3550 pauiu
530 3489 602 3551 qussi
618 3488 729 3548 eiurata,
776 3496 831 3546 tus,
856 3487 970 3547 inermis,
997 3486 1123 3548 Constitit,
1149 3498 1224 3554 atque
1248 3491 1327 3544 emus

178 3567 230 3618 slis
258 3573 349 3618 sumta.
373 3568 415 3618 Its
438 3569 493 3618 fieri
517 3569 621 3618 solebat.
648 3569 730 3618 Tucit.
776 3565 892 3632 Pbrqqia
916 3567 1013 3630 apruno
1038 3568 1220 3637 eircunnpsait.
1246 3574 1325 3625 Erne-

179 3649 278 3699 Anusl.
296 3648 375 3699 XIV.
393 3652 434 3700 2⁷.
456 3647 577 3700 Veterani
597 3647 731 3698 Tarentum
775 3655 828 3698 stus
843 3663 889 3714 pro
905 3648 996 3700 circum
1003 3651 1246 3707 coniecerutciuium.
1270 3656 1326 3710 Alii

179 3737 205 3779 et
220 3726 323 3779 Antium
339 3727 477 3794 adscripti:
495 3746 541 3780 non
557 3738 635 3780 tamen
650 3729 730 3796 infre·
775 3731 860 3798 ipnota
875 3730 954 3780 omnia
971 3732 1062 3782 circum
1078 3743 1224 3800 spectantes.

179 3809 293 3874 quentiae
326 3807 444 3859 locorum·
457 3810 597 3872 subuenire,
622 3809 730 3876 dilapsis
814 3811 917 3862 Classes
933 3813 1105 3878 quodammodo
1121 3819 1268 3872 accinctos.
1291 3825 1324 3875 In

175 3889 293 3957 pluribus
318 3889 344 3940 in
365 3891 525 3956 prouincias,
542 3893 569 3942 in
585 3891 671 3957 quibus
687 3891 730 3941 sti·
775 3893 869 3944 uinctos
885 3893 985 3944 tradere
998 3902 1035 3946 est
1051 3897 1145 3962 aliquid
1160 3905 1324 3965 proverbiele.

174 3969 272 4038 perndie
305 3969 477 4037 esplsserants
511 3989 587 4039 neque
612 3971 731 4038 corduqiis
776 3975 835 4024 Liv.
859 3973 954 4026 XXII.
972 3980 1013 4026 59.
1042 3973 1105 4028 Tum
1113 3979 1268 4033 denuntianti
1275 3986 1324 4036 cui·

178 4049 346 4118 suscipiendis
361 4067 437 4118 neque
453 4053 548 4105 alendis
562 4055 645 4106 liberis
653 4055 718 4104 sueti
723 4093 730 4115 ,
776 4055 833 4104 dam
848 4055 950 4105 iussisse
966 4056 1083 4107 consulem
1099 4059 1136 4109 ud
1143 4062 1325 4127 pedesdescen·

178 4134 254 4184 orbus
269 4133 323 4183 sine
335 4133 445 4200 posteris
461 4133 542 4185 domos
555 4135 730 4201 relinquebant.
777 4136 836 4186 dere
860 4137 969 4201 equites,
994 4135 1088 4188 dixisse
1104 4139 1270 4194 Hannibalem
1280 4150 1326 4212 se·

178 4213 242 4266 Non
262 4213 337 4276 uum,
354 4223 383 4265 ut
398 4214 468 4277 olim,
486 4217 612 4267 uniamus
628 4218 732 4284 leqiones
777 4229 849 4270 runt:
866 4237 939 4285 mam
955 4221 1050 4270 mollem
1063 4221 1156 4272 uinctus
1171 4224 1231 4276 milri
1243 4228 1324 4280 trade-

180 4295 380 4358 deducebuntur,
406 4312 459 4346 eum
485 4298 589 4348 tubunis
612 4306 637 4350 et
653 4308 732 4350 cenor-
777 4309 825 4352 ret.
849 4303 893 4350 ubi
913 4303 1041 4352 Plutarch.
1059 4303 1087 4352 iu
1103 4302 1184 4354 Fabio
1202 4311 1241 4367 16,
1267 4311 1325 4361 sari-

179 4377 307 4440 rionibus,
330 4385 355 4428 et
370 4377 411 4428 sui
427 4378 545 4444 cuiusque
560 4378 656 4430 ordinis
671 4380 732 4432 mili·
778 4385 839 4433 bens
857 4381 946 4450 τοῦτ’,
961 4380 1025 4449 ἔφη,
1038 4381 1325 4462 μᾰέέονῆβουέέμην,

181 4458 262 4519 tibus,
289 4467 318 4510 ut
343 4475 458 4513 consensu
475 4470 499 4512 et
515 4460 622 4514 caritate
638 4479 733 4530 rempu-
778 4464 795 4528 ἢ
814 4465 841 4515 sl
858 4461 1026 4527 dedeulrouc
1045 4464 1218 4537 παρέλαβον,
1237 4475 1326 4540 legisse
