3134 5310
239 517 280 578 42
654 531 809 579 eonnrrn
834 533 945 580 rtcrrr

240 701 364 792 posuit,
397 699 579 791 splendidae
608 702 761 792 imprimis
784 701 944 790 dignitatis
968 701 1241 769 administratione
1266 725 1302 766 ac
1327 726 1385 792 spe

239 882 298 932 satis
306 882 427 944 intelligo.
438 880 520 940 Quem
531 882 699 946 Vespasianus
708 881 787 947 Aqui·
833 883 969 933 obvenerat.
979 885 1036 946 Ipsa
1046 881 1148 931 Tacitus
1154 881 1241 944 Agris.
1248 879 1387 932 9.Britan·

239 964 322 1012 tcnlae
344 961 486 1026 provinciae
503 963 644 1026 praeponit,
662 963 696 1023 is,
714 970 786 1028 puto,
833 963 898 1012 niam
907 964 930 1013 ei
934 964 1087 1029 provinciam
1097 962 1162 1011 dari.
1173 969 1212 1012 40.
1221 959 1386 1028 Syriampro·

239 1057 337 1106 semper
360 1042 516 1106 provinciam
533 1045 685 1093 nanciscitur
701 1046 729 1094 in
746 1047 787 1094 ad-
832 1044 937 1093 vineiom
962 1045 985 1094 ei
1001 1044 1131 1093 destinari.
1156 1043 1276 1094 ,Nomine
1298 1050 1385 1092 eutem

239 1125 449 1174 ministrationem
455 1146 462 1183 ;
485 1130 559 1188 atque
571 1125 616 1180 liic
633 1126 741 1176 dubitari
758 1141 788 1176 eo
832 1127 943 1190 regionis
967 1143 1019 1176 non
1045 1126 1143 1183 addito,
1161 1138 1255 1173 nomen
1271 1125 1386 1174 muueris

239 1207 324 1256 miuus
347 1212 442 1270 potest,
465 1205 525 1269 quia
550 1206 603 1269 ipsa
617 1223 669 1256 vox
685 1206 787 1256 admini·
833 1209 1001 1270 praeponitur.
1018 1207 1074 1256 Liv.
1091 1206 1184 1256 XXX.
1202 1203 1385 1266 delicatulus,

239 1288 330 1340 stratio
354 1287 439 1337 statim
464 1287 570 1336 additur.
606 1287 645 1336 Ea
665 1287 786 1350 significa·
833 1286 874 1336 cui
890 1287 979 1338 classis
991 1287 1124 1353 provincia
1141 1295 1204 1336 erat.
1239 1287 1269 1337 Si
1282 1286 1385 1352 provin·

239 1371 275 1420 tio
300 1376 353 1418 tam
378 1369 482 1432 antique
497 1374 547 1428 est,
564 1383 640 1432 quam
657 1375 716 1416 sunt
727 1385 787 1434 pro·
834 1369 874 1418 cia
898 1370 1024 1420 interdum
1047 1369 1220 1433 praeponitur,
1244 1385 1296 1418 non
1320 1370 1386 1418 adeo

239 1451 348 1509 vinciae,
365 1451 464 1514 proprie
480 1449 515 1497 ita
531 1449 620 1498 dictas.
655 1449 725 1498 Hinc
741 1464 787 1498 usu
834 1457 956 1514 spectatur
981 1450 1165 1501 administratio
1190 1451 1310 1513 praesidis
1334 1450 1385 1498 Ro·

240 1531 325 1590 venit,
347 1536 376 1578 ut
400 1529 510 1594 quodvis
531 1529 659 1592 publicum
679 1543 787 1587 munus,
833 1533 915 1590 meni,
933 1533 977 1582 sed
993 1533 1056 1582 aliae
1071 1546 1125 1592 ros,
1142 1533 1320 1596 quaeadipsos
1328 1547 1386 1596 pro·

241 1619 313 1662 extra
330 1611 733 1674 Romam,peregrs,gerendum,
747 1626 787 1674 ap·
833 1613 964 1673 vinciales,
999 1614 1108 1672 incolas,
1125 1613 1224 1676 proprie
1248 1612 1385 1676 pertinent.

239 1695 374 1757 pellaretur
378 1691 522 1757 provincia,
532 1692 713 1742 administratio
720 1707 788 1756 prae-
836 1693 923 1742 Cicero
939 1709 984 1756 pro
1000 1695 1108 1744 Fonteio
1129 1699 1150 1742 l.
1160 1691 1312 1742 Provinciae
1323 1691 1385 1744 Gal·

240 1776 326 1826 scrtim
343 1774 415 1833 belli,
428 1773 570 1824 muralibus
579 1773 719 1823 commisse.
730 1773 787 1822 Lir.
835 1773 884 1822 liae
907 1771 945 1822 M.
963 1771 1083 1824 Fonteius
1097 1774 1231 1839 praefuit,
1249 1789 1313 1838 quae
1330 1791 1385 1824 con-

240 1858 279 1907 11.
306 1862 346 1908 54.
372 1853 468 1905 Furius
493 1853 550 1904 inde
575 1862 599 1902 et
630 1852 656 1904 0.
675 1853 789 1904 Manlius
834 1863 886 1902 stat
899 1869 929 1902 erc
937 1854 970 1903 iis
977 1855 1105 1918 generibus
1114 1855 1230 1904 dominum
1238 1862 1285 1904 cet.
1294 1857 1387 1919 Neque

240 1938 357 1990 consules.
393 1935 490 1986 Manlio
521 1933 636 1984 Veientes
656 1935 789 2000 provincia
835 1937 902 1985 idem
918 1943 956 1984 est
969 1936 1090 2001 praefuit
1103 1937 1248 2001 provinciae
1268 1933 1386 1996 Galliae,

240 2021 327 2070 evenit.
353 2019 434 2070 XXI.
460 2023 484 2067 5.
516 2015 626 2066 Ceterum
643 2031 673 2065 err
687 2033 734 2081 qno
748 2016 789 2066 die
835 2032 863 2066 ac
876 2017 1031 2081 provinciam
1050 2015 1159 2066 Galliam
1176 2018 1289 2066 obtinuit.
1300 2015 1383 2066 Prae·

241 2099 396 2166 (Hannibal)
421 2098 472 2148 dua
498 2106 535 2146 est
552 2097 706 2158 declaratus,
723 2097 789 2147 velut
829 2098 890 2162 fuit
914 2112 1005 2162 nempe
1026 2099 1169 2162 provinciae
1192 2098 1303 2158 Galliae,
1320 2109 1386 2163 post-

240 2180 323 2232 Italia
348 2182 371 2230 ei
390 2179 521 2244 provincia
538 2177 638 2227 decreta
655 2178 789 2243 bellumque
835 2195 910 2243 quam
938 2178 1047 2230 Galliam
1060 2181 1215 2244 provinciam
1232 2183 1385 2232 obtinuerat.

239 2261 377 2312 Rornanum
409 2258 549 2308 mundatum
583 2267 654 2308 esset.
696 2259 739 2308 Sic
764 2266 790 2308 et
836 2262 877 2310 Ita
893 2268 918 2309 et
935 2260 1071 2310 Suetonius
1080 2263 1106 2310 in
1124 2260 1198 2312 Gelb.
1217 2268 1240 2312 6.
1252 2265 1388 2312 Praeterea

241 2342 330 2392 classis
343 2340 489 2406 provincia,
506 2341 602 2388 urbana
619 2346 643 2388 et
653 2340 789 2404 peregrina
836 2339 919 2390 Gadis
944 2341 1115 2392 Narbonensis
1141 2345 1233 2392 eximie
1259 2345 1388 2394 dicebatur

237 2423 382 2490 provincia,
408 2422 569 2486 accipiuntur.
606 2421 720 2470 Tandem
741 2421 789 2486 sig·
832 2422 964 2487 prouincia
980 2429 1006 2471 et
1021 2421 1143 2473 Romana.
1170 2426 1239 2488 Ergo
1255 2432 1281 2474 et
1299 2427 1387 2476 Valer.

242 2505 353 2556 nificatio
373 2505 494 2554 translata
510 2509 547 2554 est
564 2503 596 2552 ad
613 2502 699 2552 omnia
715 2516 789 2565 nego·
837 2504 909 2552 Maur.
927 2505 982 2552 ΙΙΙ.
1001 2518 1049 2553 vrr.
1068 2509 1098 2564 6,
1116 2507 1323 2570 scriberepotuit:
1334 2523 1388 2554 cum

242 2589 278 2638 tia
301 2588 367 2635 vitae
391 2586 515 2650 privatae,
539 2584 662 2647 primum,
679 2591 707 2633 ut
722 2583 790 2633 vide·
837 2583 880 2648 (L.
908 2583 1022 2647 Crassus)
1046 2586 1200 2649 provinciam
1220 2584 1329 2636 Galliena
1346 2589 1385 2636 ob·

242 2677 283 2716 tur
300 2683 315 2716 a
333 2666 492 2725 Comicis,ut
508 2665 591 2714 Plaut.
609 2667 701 2714 Pseud.
719 2666 742 2714 1.
759 2680 788 2716 11.
837 2666 937 2714 cineret:
963 2680 996 2715 ne
1021 2666 1102 2716 dicam
1127 2668 1245 2716 obtineret
1261 2669 1322 2732 poni
1338 2683 1385 2732 pro

244 2755 284 2799 25.
314 2746 363 2808 Te,
389 2763 441 2796 cum
463 2746 558 2804 securi,
576 2745 701 2795 caudicali
714 2763 790 2810 prae·
836 2745 1034 2805 administraret,
1052 2757 1166 2812 reperet.-
1185 2750 1206 2797 si
1222 2749 1330 2798 obtinere
1346 2764 1386 2798 rc·

238 2831 302 2892 ficio
315 2828 469 2895 provinciae.
504 2828 537 2875 In
553 2826 789 2877 hocatalilsexem·
836 2827 939 2876 serretur
973 2828 1005 2875 ed
1029 2842 1087 2886 eos,
1112 2844 1127 2878 a
1151 2831 1241 2893 quibua
1266 2831 1386 2890 obtinuit,

241 2913 290 2978 plis
307 2919 344 2962 est
360 2909 454 2960 Ironia.
490 2909 594 2968 Talem,
608 2915 790 2971 puto,cursum
835 2909 940 2958 dixisset
965 2910 1055 2968 credo,
1081 2926 1139 2958 cum
1160 2909 1269 2960 Galliam
1283 2913 1386 2976 provin-

241 2993 329 3046 habuit
342 2990 490 3056 significatio
495 2990 705 3056 provinciae,qui
713 2991 789 3053 vulgo
836 2990 898 3039 ciam
915 2990 1067 3040 obtinuisset.

242 3076 330 3125 ordine
350 3072 621 3138 perversoexplicatur
638 3073 729 3131 abiis,
746 3073 790 3136 qui
867 3069 1091 3120 Administrationis
1115 3089 1146 3121 ac
1167 3089 1211 3138 spe
1229 3074 1386 3136 corrsulatus,

243 3158 298 3204 loco
324 3156 433 3204 secundo
448 3159 596 3216 posuerunt,
613 3155 681 3217 quod
696 3167 789 3216 ponen-
836 3153 877 3202 cui
905 3153 1053 3202 destinarat.
1088 3154 1127 3202 Ea
1151 3155 1279 3216 provincia
1305 3157 1333 3222 (i.
1362 3173 1386 3208 e.

243 3239 304 3286 duur
333 3241 386 3284 erat
409 3235 436 3282 in
461 3234 543 3284 tertio.
579 3233 631 3281 Sed
655 3233 697 3280 hic
722 3234 790 3282 aliud
835 3247 865 3281 ea
885 3233 1036 3300 procuratio)
1063 3249 1182 3298 magnam
1205 3237 1332 3286 adferebat
1348 3241 1387 3290 di·

242 3330 340 3382 quoque
365 3314 503 3365 notandum
528 3319 573 3362 est.
609 3312 638 3362 Si
659 3314 790 3377 provincia
835 3314 957 3376 gnitatem
973 3323 1134 3380 tumpropter
1143 3319 1387 3369 administrationem

242 3398 365 3462 significet
378 3395 502 3462 publicum
518 3395 790 3459 munus,quodRoma
835 3395 853 3443 i.
879 3409 901 3444 c.
926 3397 1126 3460 magnitudinem
1146 3414 1230 3448 rerum
1246 3401 1281 3449 ibi
1297 3415 1387 3464 geren·

241 3495 289 3529 nus
306 3485 384 3536 sorte,
400 3477 441 3526 rel
457 3476 548 3526 deiude
564 3478 691 3526 voluntate
709 3477 789 3541 Impe·
835 3479 935 3538 darum,
952 3485 1007 3528 tum
1023 3487 1123 3542 propter
1140 3495 1209 3542 spem
1225 3483 1386 3544 consulatus,

240 3560 330 3610 ratoris
359 3559 521 3617 nanciscitur,
547 3572 640 3608 nomen
664 3559 788 3622 regionis,
835 3573 972 3622 quaecum
988 3561 1036 3608 hoe
1052 3574 1155 3608 munere
1172 3561 1305 3611 coniuncta
1322 3573 1386 3614 erat.

242 3642 269 3690 in
286 3655 336 3703 qua
351 3654 436 3688 munus
452 3639 559 3700 geritur,
576 3654 674 3703 semper
689 3655 789 3704 praepo·
836 3641 877 3688 Ita
892 3643 1032 3704 praecisura
1049 3643 1170 3706 interpres
1186 3659 1244 3692 cum
1262 3645 1386 3707 Ernesto,

242 3721 318 3769 nitur.
346 3718 437 3768 Caesar
454 3718 487 3767 B.
506 3718 536 3768 G.
555 3720 578 3768 I.
591 3725 629 3768 15.
640 3717 790 3786 Quicumque
835 3723 885 3770 nisi
904 3724 971 3785 quod
987 3723 1030 3772 ille
1046 3737 1098 3771 non
1115 3724 1193 3773 utitur
1209 3726 1311 3774 nomine
1326 3742 1388 3789 pro·

246 3799 355 3850 Galliam
384 3800 539 3865 provinciam
569 3800 695 3850 obtineret.
731 3803 788 3852 Liv.
836 3802 984 3862 curationis,
1009 3819 1059 3868 qua
1083 3818 1130 3854 nec
1155 3819 1201 3868 ego
1221 3805 1263 3854 hic
1285 3813 1387 3868 uterer,

243 3883 282 3932 11.
300 3887 341 3932 40.
358 3878 462 3944 Aquilio
481 3879 589 3930 Hernici
598 3882 731 3945 provincia
739 3899 790 3932 cve·
835 3884 894 3946 quia
910 3899 1002 3934 nornen
1013 3886 1201 3949 procurationis
1217 3887 1388 3950 hoctcmpore

241 3966 287 4015 nit.
306 3965 341 4013 V.
359 3969 383 4012 2.
406 3959 509 4012 Valerio
526 3960 614 4011 Potito
636 3959 722 4012 Volsci
731 3981 789 4028 pro·
836 3964 952 4013 tribuitur
967 3965 1026 4028 ipsis
1040 3967 1246 4030 procuratoribus
1263 3967 1388 4030 Caesaris,

240 4044 324 4095 vincia
339 4052 462 4093 evenerat.
480 4042 620 4094 XXXIII.
639 4049 679 4094 43.
703 4043 790 4094 Consu·
836 4053 923 4094 conns
946 4061 1008 4110 quos
1032 4049 1153 4111 Agricola
1175 4050 1325 4098 contendere
1342 4065 1389 4100 no-

242 4128 278 4177 les
302 4125 456 4192 Hispaniam
483 4126 622 4175 citeriorem
646 4134 670 4174 et
688 4123 791 4176 Italiam
836 4127 917 4187 lebat,
939 4134 968 4176 ut
983 4143 1045 4177 mox
1062 4137 1185 4180 narratur.
1220 4130 1272 4180 Sed
1285 4133 1387 4194 provin·

239 4208 383 4273 provincias
399 4214 605 4272 aureonparare
624 4206 791 4258 intersecat
838 4208 878 4256 cia
908 4215 944 4256 est
969 4225 1073 4270 munus,
1099 4212 1206 4261 officium
1232 4212 1389 4276 Aquitaniae

243 4291 338 4340 sortiri.
365 4289 434 4353 Veli.
460 4289 558 4339 Paterc.
585 4290 624 4340 11.
653 4295 691 4340 18.
719 4287 792 4339 Sorte
838 4290 1060 4350 administrandae,
1080 4292 1134 4356 ipsa
1142 4291 1334 4342 administratio.
1345 4294 1390 4344 Ita

242 4371 337 4433 obvenit
345 4368 506 4422 Saliaedsia
510 4371 791 4436 provincia.XLII.48.
840 4371 992 4434 Aquitaniae
1017 4371 1200 4422 administratio
1225 4380 1289 4422 esset
1304 4374 1389 4437 digni·

243 4449 342 4506 licinio
355 4451 448 4506 consuli
456 4454 497 4503 cui
505 4450 792 4516 Macedoniaprooincia
838 4453 896 4504 tatis
913 4454 1069 4522 spendidae,
1088 4453 1307 4507 administratione.
1337 4456 1390 4510 Ne-
