3134 5310
224 509 264 570 46
655 524 810 572 cannuuu
834 525 942 572 ricrm

220 705 285 758 tem
310 706 405 781 etque
429 693 651 758 abstinentiam
675 695 707 758 iu
732 706 820 760 tento
844 697 909 760 tiro
935 696 1050 760 referre
1072 694 1187 759 iniuria
1211 695 1373 759 uirtutum

219 799 324 864 luerit.
358 799 406 865 Ne
438 801 554 864 lernam
587 800 735 888 quidem,
762 803 814 865 cui
841 823 932 890 saepe
956 801 1050 866 etiem
1075 799 1151 865 beni
1175 798 1371 889 indulgent,

253 1047 381 1098 Facilitas
401 1048 768 1104 auctoritatem,autscoeritas

219 1144 323 1178 amarem
348 1129 472 1178 deminuit.
512 1129 627 1178 Tristitia
653 1135 678 1178 et
702 1143 767 1178 erro-

218 1210 304 1273 gentia
329 1217 386 1259 sunt
410 1211 472 1259 vitia
487 1210 619 1274 facilitati
634 1211 766 1260 contraria.

220 1291 272 1352 Qui
296 1306 365 1340 nunc
381 1292 497 1341 laudatur
513 1293 545 1340 ob
557 1290 728 1356 facilitatem,
745 1293 767 1339 is

217 1373 293 1420 modo
317 1373 414 1422 laudari
438 1373 484 1422 vix
508 1374 601 1436 potuit,
618 1373 677 1435 quia
693 1372 767 1420 tristi-

217 1453 279 1502 tiam
304 1460 328 1502 et
353 1454 521 1517 arrogantiam
544 1454 661 1502 exuisset.
696 1452 767 1503 Cete-

216 1549 274 1583 rum
298 1548 415 1597 comparo
441 1535 522 1584 Tacit.
549 1531 644 1584 Annel.
668 1535 707 1583 11.
727 1537 766 1584 72.

221 1610 305 1662 Tanta
329 1613 370 1663 iili
391 1615 492 1663 comitas
509 1615 535 1664 in
551 1617 642 1675 socios,
659 1630 768 1664 mansue·

217 1692 276 1743 tuda
293 1694 319 1743 in
335 1693 430 1742 bostem
448 1695 550 1759 uisuque
564 1695 686 1745 standitu
696 1697 769 1746 iacta

216 1775 376 1835 umerabilie,
395 1792 447 1824 cram
463 1775 653 1841 mapnitudinem
670 1787 695 1826 et
710 1794 768 1842 qra-

216 1859 316 1910 vitatem
333 1873 438 1906 summae
454 1860 574 1920 fortunae
590 1860 721 1918 retineret,
733 1858 767 1908 in·

216 1939 309 1990 vidium
326 1947 350 1987 et
366 1937 535 2003 arropautiam
549 1939 683 2004 effuperat.

249 2020 438 2071 Abstinentiam.
474 2019 621 2084 Oppositum
634 2022 768 2080 avaritiae,

216 2117 292 2168 quam
316 2103 392 2151 modo
417 2101 513 2150 exuisse
539 2116 590 2150 uon
615 2110 683 2152 recte
705 2104 768 2152 dice·

216 2191 293 2234 retur.

252 2262 284 2312 In
301 2271 369 2312 tanto
385 2262 438 2310 uiro
455 2264 563 2326 referre.
582 2265 702 2326 Agricola
715 2279 768 2314 mu-

218 2343 674 2410 nerepraesidisegregieluuctusest.
694 2345 769 2405 Quod

219 2429 246 2478 in
271 2426 373 2477 militari
399 2426 501 2488 iugenio
518 2441 570 2474 non
587 2433 768 2489 exspectasses,

222 2511 260 2559 ius
285 2509 378 2572 optime
399 2509 509 2567 dicebat,
526 2515 638 2570 tempora
653 2523 769 2557 curarum

222 2597 247 2639 et
267 2589 442 2638 remissionum
458 2591 534 2650 probe
551 2589 689 2649 dividebat,
707 2591 770 2638 alius

222 2672 249 2720 in
257 2671 310 2719 vita
318 2668 486 2732 publicaerat,
496 2669 558 2718 alius
567 2671 593 2718 in
602 2671 706 2733 privata.
720 2672 770 2734 Igi-

221 2759 263 2801 tur
288 2749 411 2813 Aquitani
435 2763 493 2798 eum
518 2753 634 2800 amabant
656 2753 730 2800 simul
747 2759 771 2802 et

222 2834 379 2883 verebantur.
399 2832 576 2881 Merebaturne
592 2837 722 2896 propterea
730 2847 770 2896 up·

222 2915 311 2980 pellari
337 2921 419 2962 tantus
444 2914 500 2962 virt
523 2920 576 2962 tam
592 2927 698 2976 magnus
713 2913 770 2961 vir?

224 2999 274 3048 Vir
281 3012 382 3062 nmpnua
391 2997 492 3046 demum
501 3002 561 3056 arat,
571 3009 629 3044 cnm
638 2994 771 3043 Britannia

222 3080 374 3144 perdomita,
387 3085 416 3128 ut
428 3085 542 3128 narratur
556 3093 610 3142 cap.
624 3082 665 3136 40,
675 3075 771 3126 Remea

223 3162 428 3224 tranquillitatem
454 3167 479 3209 et
502 3161 582 3208 ouum
606 3159 722 3222 prudenti
746 3164 771 3206 et

224 3255 303 3304 aequo
328 3241 413 3288 animo
434 3245 588 3303 sequeretur,
606 3245 630 3287 et
646 3239 770 3302 plerique,

224 3321 267 3384 qui
292 3337 390 3386 maynae
411 3321 478 3368 uiros
499 3335 548 3384 per
565 3319 716 3368 ambitionem
733 3333 771 3367 ae-

223 3404 334 3464 stimant,
343 3403 397 3452 viso
405 3395 772 3466 adspectoqueAgricolaquae·

222 3492 307 3536 rerent
322 3485 423 3536 famam.
460 3484 593 3546 Agricola,
610 3488 717 3546 quantus
733 3483 772 3532 vir

224 3574 300 3626 esset,
326 3569 353 3615 in
372 3567 505 3616 Britannia
521 3564 637 3614 ostendit.
655 3563 728 3612 Anni
743 3565 769 3612 in

223 3649 307 3696 insula
331 3648 448 3696 transacti
472 3653 569 3710 partem
593 3647 660 3694 vitae
681 3646 771 3708 glorio·

224 3730 360 3788 tissimum,
385 3735 425 3786 et,
434 3729 606 3790 praecipuum,
624 3742 703 3774 unum
719 3727 771 3776 iere

222 3811 297 3862 buius
305 3811 384 3860 libelli
392 3813 566 3872 argumentum
575 3807 692 3855 efficiunt.
702 3807 770 3870 Erga

224 3894 326 3944 Tacitus
334 3899 446 3955 tempora
453 3891 535 3954 priora
543 3893 655 3955 attingit,
665 3906 771 3956 eumque

222 3976 382 4026 festinantem
397 3973 511 4022 videmus
528 3975 560 4023 ad
573 3981 705 4038 postrema.
741 3975 770 4024 Si

222 4060 299 4109 verba
314 4057 340 4106 in
357 4063 424 4105 tanto
440 4055 494 4104 uiro
511 4057 638 4116 abessent,
655 4057 770 4120 equidem

222 4141 287 4190 nibil
311 4141 488 4189 desiderarem:
513 4153 582 4189 nunc
607 4139 696 4188 saltem
712 4140 769 4188 scn'·

222 4223 280 4271 berc
296 4223 392 4272 debuit:
411 4221 436 4269 in
453 4219 500 4269 tali
516 4221 577 4270 viro.
612 4221 705 4269 Nullus
718 4220 770 4272 iere

223 4303 325 4364 scriptor
342 4310 390 4363 est,
407 4304 434 4352 in
451 4317 500 4366 quo
517 4303 662 4365 interpretes
678 4301 769 4352 formu·

222 4385 273 4432 lam
299 4383 358 4432 talia
378 4385 416 4433 eir
433 4400 485 4434 non
502 4385 693 4443 illustraverint,
712 4385 769 4434 sirn-

222 4465 318 4528 pliciter
342 4467 488 4529 accipientes
514 4481 558 4529 pra
584 4473 674 4514 tantus.
693 4465 768 4516 Diffe-

814 1055 873 1097 runt
897 1055 996 1107 umen,
1021 1054 1046 1096 et
1072 1048 1220 1110 significatio
1244 1061 1278 1098 ex
1294 1054 1370 1098 aute·

813 1131 956 1179 cedentibus
982 1129 1114 1178 iudicanda
1131 1136 1175 1179 est.
1211 1131 1282 1180 Haec
1302 1146 1370 1194 qua·

812 1211 909 1260 litatem
933 1219 958 1260 et
981 1211 1146 1274 quantitatem
1167 1211 1287 1260 virtutum
1304 1213 1370 1261 deti·

813 1294 894 1342 niuut.
933 1291 1030 1340 Tantus
1054 1293 1093 1340 vir
1118 1293 1264 1356 plerumque
1280 1294 1369 1356 appel-

813 1375 879 1423 latur
904 1375 936 1423 ob
960 1389 1000 1422 ras
1016 1373 1086 1422 domi
1101 1387 1129 1421 ac
1146 1374 1250 1424 militiae
1266 1381 1368 1436 gestes,

813 1461 897 1504 tantus
914 1456 995 1517 gloria
1011 1462 1036 1504 et
1053 1455 1207 1504 auctoritate.
1243 1454 1285 1504 Sic
1310 1455 1368 1504 Ne·

813 1551 866 1598 pos,
884 1537 996 1584 absoluta
1014 1535 1166 1585 Hannibalis
1182 1538 1310 1599 vita‚cep.
1322 1541 1367 1586 13.

814 1613 898 1680 Atque
922 1617 962 1666 ln'c
984 1625 1067 1666 tantus
1082 1617 1135 1677 uir,
1153 1617 1276 1681 tenusque
1292 1617 1369 1666 bellis

815 1697 957 1758 districtus,
991 1697 1100 1746 nantaldi
1129 1698 1245 1764 temporis
1276 1696 1368 1748 tribuit

814 1778 902 1828 literis.
937 1780 975 1827 At
1005 1779 1135 1830 Phaedrus
1160 1779 1223 1829 Feb.
1250 1779 1305 1828 111.
1336 1785 1365 1828 9.

814 1875 891 1923 quum
918 1859 1032 1909 Socrates
1049 1861 1096 1908 sibi
1111 1875 1200 1923 parvae
1217 1862 1290 1910 aedes
1306 1861 1366 1910 fun·

814 1942 907 2000 desset,
924 1941 994 1989 cuius
1010 1947 1117 1992 mortem
1133 1957 1185 1990 nou
1201 1942 1325 2005 fugiebat,
1340 1945 1367 1992 si

814 2021 907 2070 samam
932 2029 1114 2085 assequeretur,
1140 2023 1199 2072 iecit
1223 2022 1332 2086 aliquem
1349 2038 1367 2072 e

814 2103 905 2167 populo
931 2103 1068 2152 dicentem:
1093 2102 1204 2163 Quaeso,
1222 2111 1272 2152 tam
1288 2120 1367 2168 anpu-

815 2193 892 2244 stam,
919 2183 978 2234 talis
1002 2184 1054 2244 vir,
1077 2185 1151 2250 ponis
1176 2183 1284 2233 domum?
1302 2185 1367 2235 Non

815 2273 905 2313 tantus.
923 2265 1063 2314 Discrimen
1077 2267 1367 2330 indequoqueepparet‚

814 2348 881 2409 quod
898 2361 971 2410 saepe
987 2347 1171 2410 coniunguntur
1188 2347 1248 2396 talis
1265 2363 1296 2396 uc
1311 2355 1367 2398 tan·

816 2435 868 2486 tue,
886 2436 969 2476 tantus
986 2443 1016 2475 ac
1034 2427 1094 2476 talis
1110 2429 1156 2476 uir.

850 2506 950 2557 Iniuria
965 2508 1181 2574 uirtutumfuerit.
1198 2511 1366 2574 Nescioquae

816 2591 908 2640 iniuria
931 2591 1001 2640 fieret
1025 2592 1158 2641 virtutibus
1183 2593 1246 2640 tanti
1262 2593 1328 2652 viri,
1342 2595 1367 2642 si

816 2673 919 2722 referret
943 2673 1112 2736 integritatem
1137 2679 1161 2721 et
1178 2674 1365 2723 abstinentiam.

818 2755 920 2803 Poterat
940 2754 985 2802 has
1009 2754 1113 2813 referre,
1129 2761 1158 2802 ut
1173 2756 1269 2813 retulit,
1286 2756 1368 2804 ambo

817 2835 973 2894 memoravit,
982 2835 1046 2893 illas,
1055 2836 1170 2895 maiores,
1180 2851 1231 2885 non
1240 2837 1365 2895 omittere,

816 2923 844 2966 ut
868 2932 892 2965 v.
918 2933 939 2965 c.
957 2917 1050 2966 diceret
1065 2918 1234 2980 integritatem
1250 2923 1274 2966 et
1291 2919 1367 2966 absti-

816 2999 927 3047 nentiam
951 2998 1028 3046 sanese
1052 2999 1153 3048 laudem
1168 2999 1284 3047 ultimam
1298 2999 1367 3047 inter

816 3086 910 3130 ceteras
926 3079 1020 3130 laudes.
1055 3080 1144 3142 Neque
1161 3080 1287 3142 intelligo,
1300 3093 1367 3142 quae

817 3175 870 3210 esse
885 3161 1011 3224 potuerint
1021 3161 1124 3208 virtutes
1132 3161 1159 3208 in
1168 3161 1368 3210 administranda

816 3243 957 3306 provincia,
974 3249 1072 3304 praeter
1088 3243 1140 3290 iam
1155 3241 1275 3291 laudatas.
1312 3241 1366 3292 Sed

817 3323 856 3372 cui
882 3323 975 3371 iniuria
990 3323 1073 3381 fieret,
1091 3323 1143 3385 ipse
1160 3329 1213 3372 erat
1229 3324 1366 3387 Agricola,

817 3405 872 3468 qui,
897 3419 943 3467 pro
967 3405 1080 3467 ingenita
1101 3405 1222 3468 probitate
1240 3412 1264 3454 et
1280 3405 1366 3454 made-

817 3486 876 3544 stia,
894 3486 990 3534 nullam
1007 3500 1033 3534 se
1049 3486 1150 3534 laudem
1166 3487 1285 3535 meruisse
1302 3487 1366 3535 iudi·

817 3574 896 3626 caret,
922 3568 948 3616 in
974 3581 1003 3616 eo
1019 3573 1118 3615 tantum
1134 3574 1280 3630 spectatam,
1298 3571 1368 3631 quod

817 3651 925 3698 officium
949 3649 1055 3698 fecisset.
1095 3649 1143 3696 Ille
1168 3649 1272 3706 diceret,
1297 3652 1369 3712 quod

817 3739 854 3781 eet
887 3733 953 3794 apud
977 3731 1125 3779 Horatium:
1151 3727 1229 3777 citavi
1250 3727 1367 3792 cumam,

816 3829 862 3860 non
895 3812 973 3861 merui
999 3811 1102 3861 laudem,
1146 3810 1262 3868 Tacitus,
1287 3815 1367 3872 puto,

817 3894 926 3956 scripsit:
952 3893 1045 3942 iniuria
1065 3891 1165 3957 suerit,
1181 3892 1272 3940 omisso
1288 3891 1368 3939 uirtu-

817 3984 873 4024 tum.
909 3976 1033 4025 Iuiuriam
1049 3975 1150 4024 fecerim
1166 3973 1313 4037 Agricolae,
1328 3973 1367 4022 in·

810 4057 880 4106 'iuria
904 4063 969 4106 esset
992 4057 1019 4105 in
1045 4071 1075 4105 eo
1099 4056 1202 4109 referre;
1221 4055 1297 4118 nefas
1314 4063 1367 4113 est,

815 4144 843 4186 ut
871 4139 899 4186 in
924 4138 1000 4186 simili
1025 4153 1112 4187 caussa
1134 4136 1272 4199 elegantius
1297 4135 1367 4184 vide·

815 4221 887 4270 batur
913 4219 1012 4268 Velleio
1030 4221 1127 4268 Patere.
1145 4220 1188 4277 11,
1206 4222 1247 4267 tn.
1269 4217 1300 4265 de
1318 4215 1368 4266 Ca·

815 4309 887 4360 tone,
921 4302 964 4364 qui
997 4302 1128 4364 pecuniam
1161 4302 1236 4363 longe
1268 4305 1369 4361 sperata

815 4384 935 4432 maiorem
958 4398 991 4431 ex
1009 4383 1093 4446 Cypro
1111 4384 1217 4432 Rotnani
1234 4381 1367 4431 retulerat:

816 4465 885 4514 cuius·
911 4464 1075 4527 intepretatum
1100 4465 1201 4514 inrideri
1218 4465 1292 4528 nescu
1310 4471 1368 4530 est:
