<?xml version="1.0" encoding="UTF-8"?>
<!DOCTYPE html PUBLIC "-//W3C//DTD XHTML 1.0 Transitional//EN"
    "http://www.w3.org/TR/xhtml1/DTD/xhtml1-transitional.dtd">
<html xmlns="http://www.w3.org/1999/xhtml" xml:lang="en" lang="en">
 <head>
  <title>
</title>
<meta http-equiv="Content-Type" content="text/html;charset=utf-8" />
  <meta name='ocr-system' content='tesseract 3.04.00' />
  <meta name='ocr-capabilities' content='ocr_page ocr_carea ocr_par ocr_line ocrx_word'/>
</head>
<body>
  <div class='ocr_page' id='page_1' title='image "./ccorneliitaciti09tacigoog/ccorneliitaciti09tacigoog_0085.png"; bbox 0 0 3130 5308; ppageno 0'>
   <div class='ocr_carea' id='block_1_1' title="bbox 218 525 935 591">
    <p class='ocr_par' dir='ltr' id='par_1_1' title="bbox 218 525 935 591">
     <span class='ocr_line' id='line_1_1' title="bbox 218 525 935 591; baseline 0.007 -5"><span class='ocrx_word' id='word_1_1' title='bbox 218 525 259 586; x_wconf 83' lang='lat'><strong>72</strong></span> <span class='ocrx_word' id='word_1_2' title='bbox 650 543 802 591; x_wconf 82' lang='lat' dir='ltr'><strong>couruuu</strong></span> <span class='ocrx_word' id='word_1_3' title='bbox 827 543 935 591; x_wconf 79' lang='lat' dir='ltr'><strong>ricrrr</strong></span> 
     </span>
    </p>
   </div>
   <div class='ocr_carea' id='block_1_2' title="bbox 213 709 1366 1012">
    <p class='ocr_par' dir='ltr' id='par_1_2' title="bbox 213 709 1366 1012">
     <span class='ocr_line' id='line_1_2' title="bbox 213 709 1366 801; baseline 0.003 -26"><span class='ocrx_word' id='word_1_4' title='bbox 213 711 359 776; x_wconf 86' lang='lat' dir='ltr'><strong>miscere.</strong></span> <span class='ocrx_word' id='word_1_5' title='bbox 408 711 498 777; x_wconf 92' lang='lat' dir='ltr'><strong>Nihil</strong></span> <span class='ocrx_word' id='word_1_6' title='bbox 532 715 595 778; x_wconf 88' lang='lat' dir='ltr'><strong>iam</strong></span> <span class='ocrx_word' id='word_1_7' title='bbox 632 712 814 801; x_wconf 76' lang='lat' dir='ltr'><strong>cupiditati,</strong></span> <span class='ocrx_word' id='word_1_8' title='bbox 840 711 921 776; x_wconf 94' lang='lat' dir='ltr'><strong>nihil</strong></span> <span class='ocrx_word' id='word_1_9' title='bbox 945 709 1069 774; x_wconf 91' lang='lat' dir='ltr'><strong>libidini</strong></span> <span class='ocrx_word' id='word_1_10' title='bbox 1093 722 1272 798; x_wconf 85' lang='lat' dir='ltr'><strong>exceptum.</strong></span> <span class='ocrx_word' id='word_1_11' title='bbox 1322 711 1366 778; x_wconf 90' lang='lat' dir='ltr'><strong>ln</strong></span> 
     </span>
     <span class='ocr_line' id='line_1_3' title="bbox 215 813 1363 906; baseline 0.004 -28"><span class='ocrx_word' id='word_1_12' title='bbox 215 816 334 904; x_wconf 88' lang='lat' dir='ltr'><strong>proelio</strong></span> <span class='ocrx_word' id='word_1_13' title='bbox 371 817 530 883; x_wconf 79' lang='lat' dir='ltr'><strong>fortiorem</strong></span> <span class='ocrx_word' id='word_1_14' title='bbox 568 841 652 895; x_wconf 90' lang='lat' dir='ltr'><strong>esse,</strong></span> <span class='ocrx_word' id='word_1_15' title='bbox 690 818 745 905; x_wconf 92' lang='lat' dir='ltr'><strong>qui</strong></span> <span class='ocrx_word' id='word_1_16' title='bbox 781 815 913 904; x_wconf 90' lang='lat' dir='ltr'><strong>spoliet;</strong></span> <span class='ocrx_word' id='word_1_17' title='bbox 954 837 1040 878; x_wconf 88' lang='lat' dir='ltr'><strong>nunc</strong></span> <span class='ocrx_word' id='word_1_18' title='bbox 1076 813 1115 876; x_wconf 92' lang='lat' dir='ltr'><strong>ab</strong></span> <span class='ocrx_word' id='word_1_19' title='bbox 1149 816 1268 902; x_wconf 81' lang='lat' dir='ltr'><strong>ignaris</strong></span> <span class='ocrx_word' id='word_1_20' title='bbox 1289 818 1363 906; x_wconf 89' lang='lat' dir='ltr'><strong>ple·</strong></span> 
     </span>
     <span class='ocr_line' id='line_1_4' title="bbox 215 917 1364 1012; baseline 0.003 -27"><span class='ocrx_word' id='word_1_21' title='bbox 215 942 350 1010; x_wconf 88' lang='lat' dir='ltr'><strong>rumque</strong></span> <span class='ocrx_word' id='word_1_22' title='bbox 386 934 417 986; x_wconf 91' lang='lat' dir='ltr'><strong>et</strong></span> <span class='ocrx_word' id='word_1_23' title='bbox 453 922 623 988; x_wconf 88' lang='lat' dir='ltr'><strong>inbellibus</strong></span> <span class='ocrx_word' id='word_1_24' title='bbox 658 923 738 1010; x_wconf 89' lang='lat' dir='ltr'><strong>eripi</strong></span> <span class='ocrx_word' id='word_1_25' title='bbox 764 921 889 998; x_wconf 91' lang='lat' dir='ltr'><strong>domos,</strong></span> <span class='ocrx_word' id='word_1_26' title='bbox 916 920 1054 985; x_wconf 78' lang='lat' dir='ltr'><strong>abstrahi</strong></span> <span class='ocrx_word' id='word_1_27' title='bbox 1077 917 1212 999; x_wconf 89' lang='lat' dir='ltr'><strong>liberos,</strong></span> <span class='ocrx_word' id='word_1_28' title='bbox 1237 922 1364 1012; x_wconf 77' lang='lat' dir='ltr'><strong>iniungi</strong></span> 
     </span>
    </p>
   </div>
   <div class='ocr_carea' id='block_1_3' title="bbox 211 1148 765 4526">
    <p class='ocr_par' dir='ltr' id='par_1_3' title="bbox 211 1148 765 4526">
     <span class='ocr_line' id='line_1_5' title="bbox 214 1148 762 1212; baseline -0.002 -15"><span class='ocrx_word' id='word_1_29' title='bbox 214 1154 272 1198; x_wconf 80' lang='lat' dir='ltr'><strong>nata</strong></span> <span class='ocrx_word' id='word_1_30' title='bbox 292 1149 319 1198; x_wconf 89' lang='lat' dir='ltr'><strong>in</strong></span> <span class='ocrx_word' id='word_1_31' title='bbox 338 1148 444 1198; x_wconf 85' lang='lat' dir='ltr'><strong>Anthol.</strong></span> <span class='ocrx_word' id='word_1_32' title='bbox 463 1150 551 1198; x_wconf 89' lang='lat' dir='ltr'><strong>Burm.</strong></span> <span class='ocrx_word' id='word_1_33' title='bbox 571 1149 603 1198; x_wconf 84' lang='grc' dir='ltr'><strong>Τ.</strong></span> <span class='ocrx_word' id='word_1_34' title='bbox 622 1150 644 1198; x_wconf 91' lang='grc' dir='ltr'><strong>Ι.</strong></span> <span class='ocrx_word' id='word_1_35' title='bbox 661 1164 686 1212; x_wconf 92' lang='lat' dir='ltr'><strong>p.</strong></span> <span class='ocrx_word' id='word_1_36' title='bbox 705 1153 762 1196; x_wconf 80' lang='lat'><strong>254.</strong></span> 
     </span>
     <span class='ocr_line' id='line_1_6' title="bbox 212 1227 762 1294; baseline 0.002 -17"><span class='ocrx_word' id='word_1_37' title='bbox 212 1227 292 1294; x_wconf 71' lang='lat' dir='ltr'><strong>Reqia</strong></span> <span class='ocrx_word' id='word_1_38' title='bbox 317 1244 375 1277; x_wconf 85' lang='lat' dir='ltr'><strong>eras</strong></span> <span class='ocrx_word' id='word_1_39' title='bbox 398 1245 474 1293; x_wconf 78' lang='lat' dir='ltr'><strong>yenus</strong></span> <span class='ocrx_word' id='word_1_40' title='bbox 492 1227 605 1278; x_wconf 76' lang='lat' dir='ltr'><strong>Etrusci.</strong></span> <span class='ocrx_word' id='word_1_41' title='bbox 644 1228 681 1278; x_wconf 88' lang='lat' dir='ltr'><strong>Tu</strong></span> <span class='ocrx_word' id='word_1_42' title='bbox 704 1229 762 1278; x_wconf 86' lang='lat' dir='ltr'><strong>Cae-</strong></span> 
     </span>
     <span class='ocr_line' id='line_1_7' title="bbox 212 1309 761 1374; baseline 0.002 -17"><span class='ocrx_word' id='word_1_43' title='bbox 212 1309 280 1358; x_wconf 76' lang='lat' dir='ltr'><strong>saris</strong></span> <span class='ocrx_word' id='word_1_44' title='bbox 304 1310 361 1360; x_wconf 88' lang='lat' dir='ltr'><strong>olim</strong></span> <span class='ocrx_word' id='word_1_45' title='bbox 385 1309 508 1360; x_wconf 77' lang='lat' dir='ltr'><strong>Dextera.</strong></span> <span class='ocrx_word' id='word_1_46' title='bbox 525 1312 569 1360; x_wconf 90' lang='lat' dir='ltr'><strong>ubi</strong></span> <span class='ocrx_word' id='word_1_47' title='bbox 585 1312 656 1374; x_wconf 85' lang='lat' dir='ltr'><strong>plura</strong></span> <span class='ocrx_word' id='word_1_48' title='bbox 673 1311 761 1359; x_wconf 84' lang='lat' dir='ltr'><strong>Burm.</strong></span> 
     </span>
     <span class='ocr_line' id='line_1_8' title="bbox 213 1389 761 1454; baseline 0 -15"><span class='ocrx_word' id='word_1_49' title='bbox 213 1389 257 1439; x_wconf 88' lang='lat' dir='ltr'><strong>Sic</strong></span> <span class='ocrx_word' id='word_1_50' title='bbox 274 1391 340 1454; x_wconf 87' lang='lat' dir='ltr'><strong>apud</strong></span> <span class='ocrx_word' id='word_1_51' title='bbox 357 1390 488 1440; x_wconf 83' lang='lat' dir='ltr'><strong>Claudian.</strong></span> <span class='ocrx_word' id='word_1_52' title='bbox 506 1391 533 1439; x_wconf 90' lang='lat' dir='ltr'><strong>in</strong></span> <span class='ocrx_word' id='word_1_53' title='bbox 550 1391 634 1440; x_wconf 84' lang='lat' dir='ltr'><strong>Rufio.</strong></span> <span class='ocrx_word' id='word_1_54' title='bbox 656 1392 694 1440; x_wconf 91' lang='grc' dir='ltr'><strong>ΙΙ.</strong></span> <span class='ocrx_word' id='word_1_55' title='bbox 705 1396 761 1440; x_wconf 81' lang='lat'>261.</span> 
     </span>
     <span class='ocr_line' id='line_1_9' title="bbox 214 1469 761 1536; baseline 0 -16"><span class='ocrx_word' id='word_1_56' title='bbox 214 1469 366 1536; x_wconf 81' lang='lat' dir='ltr'><strong>Spernisque</strong></span> <span class='ocrx_word' id='word_1_57' title='bbox 383 1480 452 1530; x_wconf 83' lang='lat' dir='ltr'><strong>tuae,</strong></span> <span class='ocrx_word' id='word_1_58' title='bbox 470 1470 520 1519; x_wconf 78' lang='lat' dir='ltr'><strong>dua</strong></span> <span class='ocrx_word' id='word_1_59' title='bbox 537 1473 627 1536; x_wconf 84' lang='lat' dir='ltr'><strong>optime</strong></span> <span class='ocrx_word' id='word_1_60' title='bbox 640 1471 761 1520; x_wconf 76' lang='lat' dir='ltr'><strong>dextras?</strong></span> 
     </span>
     <span class='ocr_line' id='line_1_10' title="bbox 214 1551 763 1602; baseline -0.005 1"><span class='ocrx_word' id='word_1_61' title='bbox 214 1553 301 1602; x_wconf 85' lang='lat' dir='ltr'><strong>Valar.</strong></span> <span class='ocrx_word' id='word_1_62' title='bbox 332 1553 440 1601; x_wconf 83' lang='lat' dir='ltr'><strong>Maxim.</strong></span> <span class='ocrx_word' id='word_1_63' title='bbox 468 1553 533 1601; x_wconf 90' lang='lat' dir='ltr'>VII.</span> <span class='ocrx_word' id='word_1_64' title='bbox 561 1558 584 1602; x_wconf 89' lang='grc'><strong>5.</strong></span> <span class='ocrx_word' id='word_1_65' title='bbox 611 1551 676 1602; x_wconf 88' lang='lat' dir='ltr'><strong>Divi</strong></span> <span class='ocrx_word' id='word_1_66' title='bbox 701 1551 763 1601; x_wconf 88' lang='lat' dir='ltr'><strong>Iulii</strong></span> 
     </span>
     <span class='ocr_line' id='line_1_11' title="bbox 213 1632 762 1693; baseline 0.002 -13"><span class='ocrx_word' id='word_1_67' title='bbox 213 1634 348 1693; x_wconf 77' lang='lat' dir='ltr'><strong>exercitus,</strong></span> <span class='ocrx_word' id='word_1_68' title='bbox 366 1633 461 1691; x_wconf 82' lang='lat' dir='ltr'><strong>idest,</strong></span> <span class='ocrx_word' id='word_1_69' title='bbox 479 1633 565 1681; x_wconf 86' lang='lat' dir='ltr'><strong>invicti</strong></span> <span class='ocrx_word' id='word_1_70' title='bbox 582 1632 652 1682; x_wconf 81' lang='lat' dir='ltr'><strong>ducis</strong></span> <span class='ocrx_word' id='word_1_71' title='bbox 669 1633 762 1682; x_wconf 87' lang='lat' dir='ltr'><strong>invicta</strong></span> 
     </span>
     <span class='ocr_line' id='line_1_12' title="bbox 214 1713 761 1777; baseline -0.002 -15"><span class='ocrx_word' id='word_1_72' title='bbox 214 1713 325 1762; x_wconf 76' lang='lat' dir='ltr'><strong>deutera.</strong></span> <span class='ocrx_word' id='word_1_73' title='bbox 349 1714 444 1777; x_wconf 84' lang='lat' dir='ltr'><strong>Lepide</strong></span> <span class='ocrx_word' id='word_1_74' title='bbox 470 1713 583 1762; x_wconf 80' lang='lat' dir='ltr'><strong>Catullus</strong></span> <span class='ocrx_word' id='word_1_75' title='bbox 609 1714 694 1777; x_wconf 80' lang='lat' dir='ltr'><strong>Epigr.</strong></span> <span class='ocrx_word' id='word_1_76' title='bbox 721 1717 761 1761; x_wconf 78' lang='lat'><strong>45.</strong></span> 
     </span>
     <span class='ocr_line' id='line_1_13' title="bbox 214 1792 762 1853; baseline -0.004 -11"><span class='ocrx_word' id='word_1_77' title='bbox 214 1793 294 1844; x_wconf 84' lang='lat' dir='ltr'><strong>Porci</strong></span> <span class='ocrx_word' id='word_1_78' title='bbox 327 1803 351 1843; x_wconf 89' lang='lat' dir='ltr'><strong>et</strong></span> <span class='ocrx_word' id='word_1_79' title='bbox 377 1792 521 1853; x_wconf 81' lang='lat' dir='ltr'><strong>Socration,</strong></span> <span class='ocrx_word' id='word_1_80' title='bbox 547 1793 611 1843; x_wconf 85' lang='lat' dir='ltr'><strong>duae</strong></span> <span class='ocrx_word' id='word_1_81' title='bbox 645 1793 762 1842; x_wconf 82' lang='lat' dir='ltr'><strong>sinistrae</strong></span> 
     </span>
     <span class='ocr_line' id='line_1_14' title="bbox 214 1874 762 1925; baseline -0.004 -1"><span class='ocrx_word' id='word_1_82' title='bbox 214 1874 325 1924; x_wconf 79' lang='lat' dir='ltr'><strong>Pisonis.</strong></span> <span class='ocrx_word' id='word_1_83' title='bbox 360 1875 440 1924; x_wconf 84' lang='lat' dir='ltr'><strong>Fures</strong></span> <span class='ocrx_word' id='word_1_84' title='bbox 462 1876 555 1925; x_wconf 88' lang='lat' dir='ltr'><strong>scilicet</strong></span> <span class='ocrx_word' id='word_1_85' title='bbox 579 1881 683 1924; x_wconf 88' lang='lat' dir='ltr'><strong>utuntur</strong></span> <span class='ocrx_word' id='word_1_86' title='bbox 704 1875 762 1922; x_wconf 90' lang='lat' dir='ltr'><strong>sini·</strong></span> 
     </span>
     <span class='ocr_line' id='line_1_15' title="bbox 214 1955 763 2019; baseline -0.005 -13"><span class='ocrx_word' id='word_1_87' title='bbox 214 1964 278 2016; x_wconf 87' lang='lat' dir='ltr'><strong>atra,</strong></span> <span class='ocrx_word' id='word_1_88' title='bbox 303 1957 396 2006; x_wconf 88' lang='lat' dir='ltr'><strong>milites</strong></span> <span class='ocrx_word' id='word_1_89' title='bbox 421 1958 518 2006; x_wconf 87' lang='lat' dir='ltr'><strong>dextra.</strong></span> <span class='ocrx_word' id='word_1_90' title='bbox 553 1955 664 2019; x_wconf 78' lang='lat' dir='ltr'><strong>Legatos</strong></span> <span class='ocrx_word' id='word_1_91' title='bbox 685 1956 763 2004; x_wconf 88' lang='lat' dir='ltr'><strong>utitur</strong></span> 
     </span>
     <span class='ocr_line' id='line_1_16' title="bbox 214 2037 763 2100; baseline -0.007 -13"><span class='ocrx_word' id='word_1_92' title='bbox 214 2039 304 2087; x_wconf 87' lang='lat' dir='ltr'><strong>dextra</strong></span> <span class='ocrx_word' id='word_1_93' title='bbox 327 2039 513 2096; x_wconf 80' lang='lat' dir='ltr'><strong>centurionum,</strong></span> <span class='ocrx_word' id='word_1_94' title='bbox 538 2043 694 2100; x_wconf 87' lang='lat' dir='ltr'><strong>procurator,</strong></span> <span class='ocrx_word' id='word_1_95' title='bbox 710 2037 763 2098; x_wconf 82' lang='lat' dir='ltr'><strong>ipre</strong></span> 
     </span>
     <span class='ocr_line' id='line_1_17' title="bbox 215 2119 762 2182; baseline -0.007 -14"><span class='ocrx_word' id='word_1_96' title='bbox 215 2133 288 2182; x_wconf 88' lang='lat' dir='ltr'><strong>saepe</strong></span> <span class='ocrx_word' id='word_1_97' title='bbox 303 2121 418 2178; x_wconf 85' lang='lat' dir='ltr'><strong>libertus,</strong></span> <span class='ocrx_word' id='word_1_98' title='bbox 432 2120 511 2168; x_wconf 85' lang='lat' dir='ltr'><strong>utitur</strong></span> <span class='ocrx_word' id='word_1_99' title='bbox 519 2119 762 2167; x_wconf 83' lang='lat' dir='ltr'><strong>sinistraservorum.</strong></span> 
     </span>
     <span class='ocr_line' id='line_1_18' title="bbox 215 2199 764 2262; baseline -0.004 -14"><span class='ocrx_word' id='word_1_100' title='bbox 215 2201 333 2248; x_wconf 81' lang='lat' dir='ltr'><strong>Britanni</strong></span> <span class='ocrx_word' id='word_1_101' title='bbox 358 2214 436 2262; x_wconf 87' lang='lat' dir='ltr'><strong>aequa</strong></span> <span class='ocrx_word' id='word_1_102' title='bbox 460 2200 549 2247; x_wconf 85' lang='lat' dir='ltr'><strong>dextra</strong></span> <span class='ocrx_word' id='word_1_103' title='bbox 571 2211 647 2261; x_wconf 89' lang='lat' dir='ltr'><strong>aeque</strong></span> <span class='ocrx_word' id='word_1_104' title='bbox 664 2199 764 2246; x_wconf 83' lang='lat' dir='ltr'><strong>sinistra</strong></span> 
     </span>
     <span class='ocr_line' id='line_1_19' title="bbox 216 2275 763 2342; baseline -0.002 -15"><span class='ocrx_word' id='word_1_105' title='bbox 216 2279 361 2342; x_wconf 85' lang='lat' dir='ltr'><strong>spoliantur.</strong></span> <span class='ocrx_word' id='word_1_106' title='bbox 387 2280 434 2326; x_wconf 79' lang='lat' dir='ltr'><strong>Est</strong></span> <span class='ocrx_word' id='word_1_107' title='bbox 458 2286 482 2328; x_wconf 89' lang='lat' dir='ltr'><strong>et</strong></span> <span class='ocrx_word' id='word_1_108' title='bbox 504 2279 553 2327; x_wconf 88' lang='lat' dir='ltr'><strong>alia</strong></span> <span class='ocrx_word' id='word_1_109' title='bbox 569 2279 595 2326; x_wconf 89' lang='lat' dir='ltr'><strong>iu</strong></span> <span class='ocrx_word' id='word_1_110' title='bbox 612 2293 639 2327; x_wconf 88' lang='lat' dir='ltr'><strong>re</strong></span> <span class='ocrx_word' id='word_1_111' title='bbox 655 2275 699 2327; x_wconf 76' lang='lat' dir='ltr'><strong>tali</strong></span> <span class='ocrx_word' id='word_1_112' title='bbox 715 2279 763 2327; x_wconf 84' lang='lat' dir='ltr'><strong>for·</strong></span> 
     </span>
     <span class='ocr_line' id='line_1_20' title="bbox 215 2356 762 2420; baseline -0.004 -12"><span class='ocrx_word' id='word_1_113' title='bbox 215 2361 299 2420; x_wconf 89' lang='lat' dir='ltr'><strong>mula,</strong></span> <span class='ocrx_word' id='word_1_114' title='bbox 315 2375 341 2409; x_wconf 83' lang='lat' dir='ltr'><strong>v.</strong></span> <span class='ocrx_word' id='word_1_115' title='bbox 358 2375 380 2409; x_wconf 90' lang='lat' dir='ltr'><strong>c.</strong></span> <span class='ocrx_word' id='word_1_116' title='bbox 398 2359 502 2408; x_wconf 85' lang='lat' dir='ltr'><strong>alterum</strong></span> <span class='ocrx_word' id='word_1_117' title='bbox 519 2358 628 2408; x_wconf 85' lang='lat' dir='ltr'><strong>manibus</strong></span> <span class='ocrx_word' id='word_1_118' title='bbox 645 2356 762 2407; x_wconf 81' lang='lat' dir='ltr'><strong>centurio·</strong></span> 
     </span>
     <span class='ocr_line' id='line_1_21' title="bbox 216 2441 763 2500; baseline -0.004 -10"><span class='ocrx_word' id='word_1_119' title='bbox 216 2457 283 2500; x_wconf 78' lang='lat' dir='ltr'><strong>nunt,</strong></span> <span class='ocrx_word' id='word_1_120' title='bbox 309 2441 413 2490; x_wconf 86' lang='lat' dir='ltr'><strong>alterum</strong></span> <span class='ocrx_word' id='word_1_121' title='bbox 439 2457 562 2490; x_wconf 84' lang='lat' dir='ltr'><strong>seruorum</strong></span> <span class='ocrx_word' id='word_1_122' title='bbox 577 2441 625 2490; x_wconf 87' lang='lat' dir='ltr'><strong>vim</strong></span> <span class='ocrx_word' id='word_1_123' title='bbox 642 2449 666 2489; x_wconf 90' lang='lat' dir='ltr'><strong>et</strong></span> <span class='ocrx_word' id='word_1_124' title='bbox 683 2448 763 2489; x_wconf 87' lang='lat' dir='ltr'><strong>contu-</strong></span> 
     </span>
     <span class='ocr_line' id='line_1_22' title="bbox 214 2518 763 2572; baseline -0.004 -2"><span class='ocrx_word' id='word_1_125' title='bbox 214 2521 302 2570; x_wconf 81' lang='lat' dir='ltr'><strong>rueb&#39;ae</strong></span> <span class='ocrx_word' id='word_1_126' title='bbox 326 2522 435 2572; x_wconf 83' lang='lat' dir='ltr'><strong>miscere.</strong></span> <span class='ocrx_word' id='word_1_127' title='bbox 462 2522 551 2571; x_wconf 86' lang='lat' dir='ltr'><strong>Livius</strong></span> <span class='ocrx_word' id='word_1_128' title='bbox 567 2522 589 2572; x_wconf 88' lang='lat'><strong>1.</strong></span> <span class='ocrx_word' id='word_1_129' title='bbox 607 2527 647 2571; x_wconf 83' lang='lat'><strong>41.</strong></span> <span class='ocrx_word' id='word_1_130' title='bbox 665 2518 763 2569; x_wconf 81' lang='lat' dir='ltr'><strong>Alienis</strong></span> 
     </span>
     <span class='ocr_line' id='line_1_23' title="bbox 215 2602 761 2667; baseline 0 -17"><span class='ocrx_word' id='word_1_131' title='bbox 215 2603 325 2652; x_wconf 82' lang='lat' dir='ltr'><strong>manibus</strong></span> <span class='ocrx_word' id='word_1_132' title='bbox 337 2603 469 2667; x_wconf 85' lang='lat' dir='ltr'><strong>pessimum</strong></span> <span class='ocrx_word' id='word_1_133' title='bbox 480 2604 588 2667; x_wconf 84' lang='lat' dir='ltr'><strong>facinus</strong></span> <span class='ocrx_word' id='word_1_134' title='bbox 600 2605 699 2667; x_wconf 87' lang='lat' dir='ltr'><strong>secere,</strong></span> <span class='ocrx_word' id='word_1_135' title='bbox 713 2602 730 2650; x_wconf 88' lang='lat' dir='ltr'><strong>i.</strong></span> <span class='ocrx_word' id='word_1_136' title='bbox 740 2616 761 2650; x_wconf 87' lang='lat' dir='ltr'><strong>a.</strong></span> 
     </span>
     <span class='ocr_line' id='line_1_24' title="bbox 215 2683 763 2748; baseline -0.002 -16"><span class='ocrx_word' id='word_1_137' title='bbox 215 2683 262 2733; x_wconf 84' lang='lat' dir='ltr'><strong>filii</strong></span> <span class='ocrx_word' id='word_1_138' title='bbox 279 2683 347 2732; x_wconf 84' lang='lat' dir='ltr'><strong>Auci</strong></span> <span class='ocrx_word' id='word_1_139' title='bbox 365 2684 455 2732; x_wconf 87' lang='lat' dir='ltr'><strong>Marcii</strong></span> <span class='ocrx_word' id='word_1_140' title='bbox 473 2685 640 2748; x_wconf 87' lang='lat' dir='ltr'><strong>Tarquinium</strong></span> <span class='ocrx_word' id='word_1_141' title='bbox 648 2683 763 2732; x_wconf 82' lang='lat' dir='ltr'><strong>Priscum</strong></span> 
     </span>
     <span class='ocr_line' id='line_1_25' title="bbox 215 2763 762 2828; baseline -0.007 -14"><span class='ocrx_word' id='word_1_142' title='bbox 215 2763 762 2828; x_wconf 82' lang='lat' dir='ltr'><strong>persubornatospercussoresintarsecerunt.</strong></span> 
     </span>
     <span class='ocr_line' id='line_1_26' title="bbox 217 2843 764 2895; baseline -0.005 -1"><span class='ocrx_word' id='word_1_143' title='bbox 217 2845 304 2895; x_wconf 85' lang='lat' dir='ltr'><strong>Cicero</strong></span> <span class='ocrx_word' id='word_1_144' title='bbox 328 2847 356 2894; x_wconf 92' lang='lat' dir='ltr'><strong>in</strong></span> <span class='ocrx_word' id='word_1_145' title='bbox 383 2846 457 2895; x_wconf 91' lang='lat' dir='ltr'><strong>Verr.</strong></span> <span class='ocrx_word' id='word_1_146' title='bbox 483 2847 534 2895; x_wconf 84' lang='lat' dir='ltr'><strong>IV.</strong></span> <span class='ocrx_word' id='word_1_147' title='bbox 559 2851 597 2894; x_wconf 83' lang='lat'><strong>15.</strong></span> <span class='ocrx_word' id='word_1_148' title='bbox 623 2844 658 2894; x_wconf 84' lang='lat' dir='ltr'><strong>Ut</strong></span> <span class='ocrx_word' id='word_1_149' title='bbox 674 2844 721 2892; x_wconf 87' lang='lat' dir='ltr'><strong>iste</strong></span> <span class='ocrx_word' id='word_1_150' title='bbox 738 2843 764 2892; x_wconf 86' lang='lat' dir='ltr'><strong>in</strong></span> 
     </span>
     <span class='ocr_line' id='line_1_27' title="bbox 219 2925 764 2986; baseline -0.006 -12"><span class='ocrx_word' id='word_1_151' title='bbox 219 2925 327 2974; x_wconf 75' lang='lat' dir='ltr'><strong>furando</strong></span> <span class='ocrx_word' id='word_1_152' title='bbox 351 2926 461 2974; x_wconf 85' lang='lat' dir='ltr'><strong>manibus</strong></span> <span class='ocrx_word' id='word_1_153' title='bbox 486 2927 551 2986; x_wconf 85' lang='lat' dir='ltr'><strong>anis,</strong></span> <span class='ocrx_word' id='word_1_154' title='bbox 573 2925 651 2975; x_wconf 86' lang='lat' dir='ltr'><strong>oeulis</strong></span> <span class='ocrx_word' id='word_1_155' title='bbox 666 2925 764 2974; x_wconf 83' lang='lat' dir='ltr'><strong>illorum</strong></span> 
     </span>
     <span class='ocr_line' id='line_1_28' title="bbox 215 3005 762 3070; baseline -0.009 -13"><span class='ocrx_word' id='word_1_156' title='bbox 215 3015 334 3057; x_wconf 70' lang='lat' dir='ltr'><strong>ornetur.</strong></span> <span class='ocrx_word' id='word_1_157' title='bbox 367 3007 453 3070; x_wconf 85' lang='lat' dir='ltr'><strong>Atque</strong></span> <span class='ocrx_word' id='word_1_158' title='bbox 469 3007 511 3058; x_wconf 87' lang='lat' dir='ltr'><strong>bio</strong></span> <span class='ocrx_word' id='word_1_159' title='bbox 526 3008 684 3057; x_wconf 74' lang='lat' dir='ltr'><strong>centuriones</strong></span> <span class='ocrx_word' id='word_1_160' title='bbox 699 3005 762 3053; x_wconf 85' lang='lat' dir='ltr'><strong>vitu-</strong></span> 
     </span>
     <span class='ocr_line' id='line_1_29' title="bbox 214 3086 763 3152; baseline -0.005 -15"><span class='ocrx_word' id='word_1_161' title='bbox 214 3096 344 3152; x_wconf 84' lang='lat' dir='ltr'><strong>perantur,</strong></span> <span class='ocrx_word' id='word_1_162' title='bbox 362 3094 489 3152; x_wconf 87' lang='lat' dir='ltr'><strong>tamquam</strong></span> <span class='ocrx_word' id='word_1_163' title='bbox 502 3103 591 3138; x_wconf 86' lang='lat' dir='ltr'><strong>manue</strong></span> <span class='ocrx_word' id='word_1_164' title='bbox 599 3088 683 3150; x_wconf 83' lang='lat' dir='ltr'><strong>legati.</strong></span> <span class='ocrx_word' id='word_1_165' title='bbox 702 3086 763 3136; x_wconf 86' lang='lat' dir='ltr'><strong>Siue</strong></span> 
     </span>
     <span class='ocr_line' id='line_1_30' title="bbox 213 3168 764 3232; baseline 0 -16"><span class='ocrx_word' id='word_1_166' title='bbox 213 3168 295 3230; x_wconf 88' lang='lat' dir='ltr'><strong>legato</strong></span> <span class='ocrx_word' id='word_1_167' title='bbox 326 3169 472 3232; x_wconf 83' lang='lat' dir='ltr'><strong>plerumque</strong></span> <span class='ocrx_word' id='word_1_168' title='bbox 497 3176 568 3218; x_wconf 87' lang='lat' dir='ltr'><strong>erant</strong></span> <span class='ocrx_word' id='word_1_169' title='bbox 592 3170 696 3232; x_wconf 85' lang='lat' dir='ltr'><strong>peiores.</strong></span> <span class='ocrx_word' id='word_1_170' title='bbox 723 3169 764 3216; x_wconf 89' lang='lat' dir='ltr'><strong>Ita</strong></span> 
     </span>
     <span class='ocr_line' id='line_1_31' title="bbox 214 3247 764 3312; baseline 0 -16"><span class='ocrx_word' id='word_1_171' title='bbox 214 3249 324 3310; x_wconf 85' lang='lat' dir='ltr'><strong>loquitur</strong></span> <span class='ocrx_word' id='word_1_172' title='bbox 341 3247 430 3296; x_wconf 84' lang='lat' dir='ltr'><strong>civilis</strong></span> <span class='ocrx_word' id='word_1_173' title='bbox 447 3249 544 3297; x_wconf 78' lang='lat' dir='ltr'><strong>Hister.</strong></span> <span class='ocrx_word' id='word_1_174' title='bbox 562 3250 613 3296; x_wconf 89' lang='lat' dir='ltr'><strong>IV.</strong></span> <span class='ocrx_word' id='word_1_175' title='bbox 626 3254 664 3297; x_wconf 77' lang='lat'><strong>14.</strong></span> <span class='ocrx_word' id='word_1_176' title='bbox 673 3247 764 3312; x_wconf 84' lang='lat' dir='ltr'><strong>Neque</strong></span> 
     </span>
     <span class='ocr_line' id='line_1_32' title="bbox 216 3327 764 3391; baseline 0 -15"><span class='ocrx_word' id='word_1_177' title='bbox 216 3328 277 3376; x_wconf 83' lang='lat' dir='ltr'><strong>euim</strong></span> <span class='ocrx_word' id='word_1_178' title='bbox 293 3327 445 3386; x_wconf 85' lang='lat' dir='ltr'><strong>societatem,</strong></span> <span class='ocrx_word' id='word_1_179' title='bbox 462 3335 490 3375; x_wconf 88' lang='lat' dir='ltr'><strong>ut</strong></span> <span class='ocrx_word' id='word_1_180' title='bbox 506 3327 576 3387; x_wconf 89' lang='lat' dir='ltr'><strong>olim,</strong></span> <span class='ocrx_word' id='word_1_181' title='bbox 590 3327 764 3391; x_wconf 86' lang='lat' dir='ltr'><strong>sedtamqaarn</strong></span> 
     </span>
     <span class='ocr_line' id='line_1_33' title="bbox 215 3408 765 3474; baseline 0.004 -17"><span class='ocrx_word' id='word_1_182' title='bbox 215 3408 339 3474; x_wconf 82' lang='lat' dir='ltr'><strong>naancipia</strong></span> <span class='ocrx_word' id='word_1_183' title='bbox 348 3408 449 3458; x_wconf 84' lang='lat' dir='ltr'><strong>babere.-</strong></span> <span class='ocrx_word' id='word_1_184' title='bbox 459 3409 556 3471; x_wconf 86' lang='lat' dir='ltr'><strong>qnando</strong></span> <span class='ocrx_word' id='word_1_185' title='bbox 566 3409 683 3473; x_wconf 74' lang='lat' dir='ltr'><strong>leyatum,</strong></span> <span class='ocrx_word' id='word_1_186' title='bbox 691 3411 765 3473; x_wconf 77' lang='lat' dir='ltr'><strong>qravi</strong></span> 
     </span>
     <span class='ocr_line' id='line_1_34' title="bbox 216 3490 763 3556; baseline -0.005 -15"><span class='ocrx_word' id='word_1_187' title='bbox 216 3491 312 3554; x_wconf 85' lang='lat' dir='ltr'><strong>quidem</strong></span> <span class='ocrx_word' id='word_1_188' title='bbox 328 3491 443 3540; x_wconf 86' lang='lat' dir='ltr'><strong>comitatu</strong></span> <span class='ocrx_word' id='word_1_189' title='bbox 461 3498 485 3539; x_wconf 88' lang='lat' dir='ltr'><strong>et</strong></span> <span class='ocrx_word' id='word_1_190' title='bbox 502 3492 606 3555; x_wconf 82' lang='lat' dir='ltr'><strong>superbo</strong></span> <span class='ocrx_word' id='word_1_191' title='bbox 623 3507 675 3540; x_wconf 81' lang='lat' dir='ltr'><strong>cunt</strong></span> <span class='ocrx_word' id='word_1_192' title='bbox 691 3490 763 3556; x_wconf 80' lang='lat' dir='ltr'><strong>irnpe-</strong></span> 
     </span>
     <span class='ocr_line' id='line_1_35' title="bbox 215 3570 762 3636; baseline 0.004 -18"><span class='ocrx_word' id='word_1_193' title='bbox 215 3572 267 3630; x_wconf 90' lang='lat' dir='ltr'><strong>rio,</strong></span> <span class='ocrx_word' id='word_1_194' title='bbox 284 3572 384 3620; x_wconf 74' lang='lat' dir='ltr'><strong>veniret</strong></span> <span class='ocrx_word' id='word_1_195' title='bbox 404 3570 473 3620; x_wconf 87' lang='lat' dir='ltr'><strong>tradi</strong></span> <span class='ocrx_word' id='word_1_196' title='bbox 490 3587 516 3619; x_wconf 84' lang='lat' dir='ltr'><strong>se</strong></span> <span class='ocrx_word' id='word_1_197' title='bbox 526 3572 670 3636; x_wconf 81' lang='lat' dir='ltr'><strong>praefectis</strong></span> <span class='ocrx_word' id='word_1_198' title='bbox 679 3581 703 3620; x_wconf 91' lang='lat' dir='ltr'><strong>et</strong></span> <span class='ocrx_word' id='word_1_199' title='bbox 712 3587 762 3620; x_wconf 89' lang='lat' dir='ltr'><strong>cen·</strong></span> 
     </span>
     <span class='ocr_line' id='line_1_36' title="bbox 216 3652 763 3717; baseline 0.005 -17"><span class='ocrx_word' id='word_1_200' title='bbox 216 3652 364 3710; x_wconf 86' lang='lat' dir='ltr'><strong>turianibua,</strong></span> <span class='ocrx_word' id='word_1_201' title='bbox 383 3667 443 3714; x_wconf 83' lang='lat' dir='ltr'><strong>quos</strong></span> <span class='ocrx_word' id='word_1_202' title='bbox 459 3652 501 3700; x_wconf 87' lang='lat' dir='ltr'><strong>abi</strong></span> <span class='ocrx_word' id='word_1_203' title='bbox 516 3652 763 3717; x_wconf 73' lang='lat' dir='ltr'><strong>apoliiseteanquine</strong></span> 
     </span>
     <span class='ocr_line' id='line_1_37' title="bbox 216 3729 763 3796; baseline 0.013 -19"><span class='ocrx_word' id='word_1_204' title='bbox 216 3729 379 3795; x_wconf 75' lang='lat' dir='ltr'><strong>expleverint,</strong></span> <span class='ocrx_word' id='word_1_205' title='bbox 388 3732 487 3781; x_wconf 88' lang='lat' dir='ltr'><strong>mutari.</strong></span> <span class='ocrx_word' id='word_1_206' title='bbox 497 3731 550 3781; x_wconf 89' lang='lat' dir='ltr'><strong>Ubi</strong></span> <span class='ocrx_word' id='word_1_207' title='bbox 558 3732 692 3796; x_wconf 84' lang='lat' dir='ltr'><strong>legendum</strong></span> <span class='ocrx_word' id='word_1_208' title='bbox 700 3736 763 3784; x_wconf 89' lang='lat' dir='ltr'><strong>mibi</strong></span> 
     </span>
     <span class='ocr_line' id='line_1_38' title="bbox 215 3810 763 3877; baseline 0.004 -17"><span class='ocrx_word' id='word_1_209' title='bbox 215 3812 324 3862; x_wconf 76' lang='lat' dir='ltr'><strong>rideturr</strong></span> <span class='ocrx_word' id='word_1_210' title='bbox 351 3810 447 3875; x_wconf 85' lang='lat' dir='ltr'><strong>quanda</strong></span> <span class='ocrx_word' id='word_1_211' title='bbox 473 3811 589 3876; x_wconf 73' lang='lat' dir='ltr'><strong>leyatum,</strong></span> <span class='ocrx_word' id='word_1_212' title='bbox 614 3815 687 3876; x_wconf 73' lang='lat' dir='ltr'><strong>qraui</strong></span> <span class='ocrx_word' id='word_1_213' title='bbox 712 3814 763 3877; x_wconf 91' lang='lat' dir='ltr'><strong>qui·</strong></span> 
     </span>
     <span class='ocr_line' id='line_1_39' title="bbox 215 3892 763 3958; baseline 0 -16"><span class='ocrx_word' id='word_1_214' title='bbox 215 3892 268 3942; x_wconf 89' lang='lat' dir='ltr'><strong>dem</strong></span> <span class='ocrx_word' id='word_1_215' title='bbox 285 3894 400 3943; x_wconf 87' lang='lat' dir='ltr'><strong>comitatu</strong></span> <span class='ocrx_word' id='word_1_216' title='bbox 417 3902 442 3943; x_wconf 87' lang='lat' dir='ltr'><strong>et</strong></span> <span class='ocrx_word' id='word_1_217' title='bbox 458 3894 576 3958; x_wconf 81' lang='lat' dir='ltr'><strong>superbo,</strong></span> <span class='ocrx_word' id='word_1_218' title='bbox 594 3893 638 3942; x_wconf 88' lang='lat' dir='ltr'><strong>aed</strong></span> <span class='ocrx_word' id='word_1_219' title='bbox 653 3909 706 3942; x_wconf 88' lang='lat' dir='ltr'><strong>cum</strong></span> <span class='ocrx_word' id='word_1_220' title='bbox 722 3895 763 3942; x_wconf 86' lang='lat' dir='ltr'><strong>irn-</strong></span> 
     </span>
     <span class='ocr_line' id='line_1_40' title="bbox 211 3975 764 4040; baseline 0.004 -18"><span class='ocrx_word' id='word_1_221' title='bbox 211 3975 285 4040; x_wconf 81' lang='lat' dir='ltr'><strong>perio</strong></span> <span class='ocrx_word' id='word_1_222' title='bbox 309 3975 407 4024; x_wconf 73' lang='lat' dir='ltr'><strong>venire?</strong></span> <span class='ocrx_word' id='word_1_223' title='bbox 430 3975 491 4024; x_wconf 90' lang='lat' dir='ltr'><strong>Non</strong></span> <span class='ocrx_word' id='word_1_224' title='bbox 508 3975 613 4037; x_wconf 89' lang='lat' dir='ltr'><strong>amplius</strong></span> <span class='ocrx_word' id='word_1_225' title='bbox 630 3981 764 4024; x_wconf 84' lang='lat' dir='ltr'><strong>tractamur</strong></span> 
     </span>
     <span class='ocr_line' id='line_1_41' title="bbox 214 4056 763 4119; baseline -0.004 -13"><span class='ocrx_word' id='word_1_226' title='bbox 214 4064 242 4106; x_wconf 92' lang='lat' dir='ltr'><strong>ut</strong></span> <span class='ocrx_word' id='word_1_227' title='bbox 259 4057 332 4116; x_wconf 88' lang='lat' dir='ltr'><strong>socii,</strong></span> <span class='ocrx_word' id='word_1_228' title='bbox 350 4059 394 4107; x_wconf 91' lang='lat' dir='ltr'><strong>sed</strong></span> <span class='ocrx_word' id='word_1_229' title='bbox 410 4063 438 4106; x_wconf 90' lang='lat' dir='ltr'><strong>ut</strong></span> <span class='ocrx_word' id='word_1_230' title='bbox 454 4057 527 4106; x_wconf 87' lang='lat' dir='ltr'><strong>servi.</strong></span> <span class='ocrx_word' id='word_1_231' title='bbox 556 4056 648 4105; x_wconf 89' lang='lat' dir='ltr'><strong>Samus</strong></span> <span class='ocrx_word' id='word_1_232' title='bbox 664 4057 763 4119; x_wconf 85' lang='lat' dir='ltr'><strong>provin·</strong></span> 
     </span>
     <span class='ocr_line' id='line_1_42' title="bbox 214 4137 763 4200; baseline 0.002 -15"><span class='ocrx_word' id='word_1_233' title='bbox 214 4138 260 4188; x_wconf 89' lang='lat' dir='ltr'><strong>cia.</strong></span> <span class='ocrx_word' id='word_1_234' title='bbox 291 4137 398 4187; x_wconf 89' lang='lat' dir='ltr'><strong>Utinam</strong></span> <span class='ocrx_word' id='word_1_235' title='bbox 414 4139 463 4187; x_wconf 86' lang='lat' dir='ltr'><strong>cito</strong></span> <span class='ocrx_word' id='word_1_236' title='bbox 479 4138 564 4194; x_wconf 84' lang='lat' dir='ltr'><strong>veniat</strong></span> <span class='ocrx_word' id='word_1_237' title='bbox 579 4138 687 4200; x_wconf 83' lang='lat' dir='ltr'><strong>legatusl</strong></span> <span class='ocrx_word' id='word_1_238' title='bbox 703 4137 763 4188; x_wconf 87' lang='lat' dir='ltr'><strong>Gru·</strong></span> 
     </span>
     <span class='ocr_line' id='line_1_43' title="bbox 214 4219 762 4284; baseline 0.004 -18"><span class='ocrx_word' id='word_1_239' title='bbox 214 4219 252 4267; x_wconf 84' lang='lat' dir='ltr'><strong>ria</strong></span> <span class='ocrx_word' id='word_1_240' title='bbox 277 4220 379 4284; x_wconf 87' lang='lat' dir='ltr'><strong>quidam</strong></span> <span class='ocrx_word' id='word_1_241' title='bbox 404 4219 448 4268; x_wconf 88' lang='lat' dir='ltr'><strong>ille</strong></span> <span class='ocrx_word' id='word_1_242' title='bbox 473 4225 498 4268; x_wconf 87' lang='lat' dir='ltr'><strong>et</strong></span> <span class='ocrx_word' id='word_1_243' title='bbox 523 4221 641 4283; x_wconf 86' lang='lat' dir='ltr'><strong>superbus</strong></span> <span class='ocrx_word' id='word_1_244' title='bbox 658 4234 716 4268; x_wconf 87' lang='lat' dir='ltr'><strong>cum</strong></span> <span class='ocrx_word' id='word_1_245' title='bbox 732 4220 762 4268; x_wconf 91' lang='lat' dir='ltr'><strong>si-</strong></span> 
     </span>
     <span class='ocr_line' id='line_1_44' title="bbox 214 4301 762 4366; baseline 0.004 -18"><span class='ocrx_word' id='word_1_246' title='bbox 214 4301 269 4348; x_wconf 90' lang='lat' dir='ltr'><strong>mili</strong></span> <span class='ocrx_word' id='word_1_247' title='bbox 285 4301 416 4360; x_wconf 86' lang='lat' dir='ltr'><strong>comitatu,</strong></span> <span class='ocrx_word' id='word_1_248' title='bbox 434 4303 478 4351; x_wconf 85' lang='lat' dir='ltr'><strong>sad</strong></span> <span class='ocrx_word' id='word_1_249' title='bbox 495 4307 578 4351; x_wconf 72' lang='lat' dir='ltr'><strong>tamur</strong></span> <span class='ocrx_word' id='word_1_250' title='bbox 595 4301 671 4351; x_wconf 86' lang='lat' dir='ltr'><strong>habet</strong></span> <span class='ocrx_word' id='word_1_251' title='bbox 687 4303 762 4366; x_wconf 87' lang='lat' dir='ltr'><strong>impe·</strong></span> 
     </span>
     <span class='ocr_line' id='line_1_45' title="bbox 214 4380 762 4447; baseline 0.009 -20"><span class='ocrx_word' id='word_1_252' title='bbox 214 4380 289 4428; x_wconf 85' lang='lat' dir='ltr'><strong>rium.</strong></span> <span class='ocrx_word' id='word_1_253' title='bbox 323 4380 366 4428; x_wconf 94' lang='lat' dir='ltr'><strong>Illi</strong></span> <span class='ocrx_word' id='word_1_254' title='bbox 392 4383 479 4432; x_wconf 89' lang='lat' dir='ltr'><strong>saltem</strong></span> <span class='ocrx_word' id='word_1_255' title='bbox 502 4391 589 4447; x_wconf 89' lang='lat' dir='ltr'><strong>parent</strong></span> <span class='ocrx_word' id='word_1_256' title='bbox 605 4384 762 4433; x_wconf 83' lang='lat' dir='ltr'><strong>centuriones</strong></span> 
     </span>
     <span class='ocr_line' id='line_1_46' title="bbox 215 4460 762 4526; baseline 0.007 -17"><span class='ocrx_word' id='word_1_257' title='bbox 215 4467 240 4509; x_wconf 84' lang='lat' dir='ltr'><strong>et</strong></span> <span class='ocrx_word' id='word_1_258' title='bbox 257 4460 387 4524; x_wconf 86' lang='lat' dir='ltr'><strong>praefecti,</strong></span> <span class='ocrx_word' id='word_1_259' title='bbox 405 4464 448 4526; x_wconf 91' lang='lat' dir='ltr'><strong>qui</strong></span> <span class='ocrx_word' id='word_1_260' title='bbox 465 4479 531 4512; x_wconf 88' lang='lat' dir='ltr'><strong>nunc</strong></span> <span class='ocrx_word' id='word_1_261' title='bbox 548 4465 640 4526; x_wconf 77' lang='lat' dir='ltr'><strong>singuli</strong></span> <span class='ocrx_word' id='word_1_262' title='bbox 658 4479 704 4514; x_wconf 92' lang='lat' dir='ltr'><strong>nos</strong></span> <span class='ocrx_word' id='word_1_263' title='bbox 722 4479 762 4513; x_wconf 86' lang='lat' dir='ltr'><strong>ve·</strong></span> 
     </span>
    </p>
   </div>
   <div class='ocr_carea' id='block_1_4' title="bbox 808 1144 1364 4528">
    <p class='ocr_par' dir='ltr' id='par_1_4' title="bbox 808 1144 1364 4106">
     <span class='ocr_line' id='line_1_47' title="bbox 809 1144 1364 1209; baseline 0.007 -13"><span class='ocrx_word' id='word_1_264' title='bbox 809 1155 873 1196; x_wconf 82' lang='lat' dir='ltr'><strong>xant</strong></span> <span class='ocrx_word' id='word_1_265' title='bbox 897 1153 922 1196; x_wconf 89' lang='lat' dir='ltr'><strong>et</strong></span> <span class='ocrx_word' id='word_1_266' title='bbox 943 1146 1057 1209; x_wconf 88' lang='lat' dir='ltr'><strong>spoliant.</strong></span> <span class='ocrx_word' id='word_1_267' title='bbox 1102 1144 1242 1196; x_wconf 86' lang='lat' dir='ltr'><strong>Odofredua</strong></span> <span class='ocrx_word' id='word_1_268' title='bbox 1269 1149 1364 1200; x_wconf 89' lang='lat' dir='ltr'><strong>Miille·</strong></span> 
     </span>
     <span class='ocr_line' id='line_1_48' title="bbox 808 1226 1364 1288; baseline 0.007 -11"><span class='ocrx_word' id='word_1_269' title='bbox 808 1243 850 1277; x_wconf 88' lang='lat' dir='ltr'><strong>rus</strong></span> <span class='ocrx_word' id='word_1_270' title='bbox 875 1229 903 1277; x_wconf 92' lang='lat' dir='ltr'><strong>iu</strong></span> <span class='ocrx_word' id='word_1_271' title='bbox 920 1241 1025 1276; x_wconf 83' lang='lat' dir='ltr'><strong>censura</strong></span> <span class='ocrx_word' id='word_1_272' title='bbox 1040 1226 1135 1288; x_wconf 86' lang='lat' dir='ltr'><strong>primae</strong></span> <span class='ocrx_word' id='word_1_273' title='bbox 1152 1229 1211 1276; x_wconf 81' lang='lat' dir='ltr'><strong>erlit.</strong></span> <span class='ocrx_word' id='word_1_274' title='bbox 1235 1229 1364 1280; x_wconf 85' lang='lat' dir='ltr'><strong>Dronkia·</strong></span> 
     </span>
     <span class='ocr_line' id='line_1_49' title="bbox 808 1307 1362 1372; baseline 0.004 -14"><span class='ocrx_word' id='word_1_275' title='bbox 808 1325 856 1358; x_wconf 86' lang='lat' dir='ltr'><strong>nae</strong></span> <span class='ocrx_word' id='word_1_276' title='bbox 880 1309 963 1358; x_wconf 89' lang='lat' dir='ltr'><strong>locum</strong></span> <span class='ocrx_word' id='word_1_277' title='bbox 980 1308 1006 1356; x_wconf 94' lang='lat' dir='ltr'><strong>in</strong></span> <span class='ocrx_word' id='word_1_278' title='bbox 1025 1307 1147 1370; x_wconf 80' lang='lat' dir='ltr'><strong>Agricola</strong></span> <span class='ocrx_word' id='word_1_279' title='bbox 1163 1310 1251 1358; x_wconf 88' lang='lat' dir='ltr'><strong>eodem</strong></span> <span class='ocrx_word' id='word_1_280' title='bbox 1267 1313 1362 1372; x_wconf 87' lang='lat' dir='ltr'><strong>modo,</strong></span> 
     </span>
     <span class='ocr_line' id='line_1_50' title="bbox 808 1389 1361 1455; baseline 0.004 -15"><span class='ocrx_word' id='word_1_281' title='bbox 808 1407 858 1455; x_wconf 93' lang='lat' dir='ltr'><strong>quo</strong></span> <span class='ocrx_word' id='word_1_282' title='bbox 888 1405 948 1452; x_wconf 85' lang='lat' dir='ltr'><strong>ego,</strong></span> <span class='ocrx_word' id='word_1_283' title='bbox 975 1389 1157 1438; x_wconf 86' lang='lat' dir='ltr'><strong>emendaverat.</strong></span> <span class='ocrx_word' id='word_1_284' title='bbox 1184 1389 1276 1439; x_wconf 88' lang='lat' dir='ltr'><strong>Laetor</strong></span> <span class='ocrx_word' id='word_1_285' title='bbox 1300 1407 1361 1442; x_wconf 92' lang='lat' dir='ltr'><strong>con·</strong></span> 
     </span>
     <span class='ocr_line' id='line_1_51' title="bbox 808 1470 1362 1531; baseline 0 -11"><span class='ocrx_word' id='word_1_286' title='bbox 808 1486 890 1522; x_wconf 87' lang='lat' dir='ltr'><strong>seusu.</strong></span> <span class='ocrx_word' id='word_1_287' title='bbox 908 1471 1016 1522; x_wconf 86' lang='lat' dir='ltr'><strong>Wexius</strong></span> <span class='ocrx_word' id='word_1_288' title='bbox 1033 1485 1085 1518; x_wconf 90' lang='lat' dir='ltr'><strong>non</strong></span> <span class='ocrx_word' id='word_1_289' title='bbox 1101 1471 1241 1518; x_wconf 86' lang='lat' dir='ltr'><strong>assentitur.</strong></span> <span class='ocrx_word' id='word_1_290' title='bbox 1258 1492 1269 1512; x_wconf 79' lang='lat' dir='ltr'><strong>n</strong></span> <span class='ocrx_word' id='word_1_291' title='bbox 1279 1470 1362 1531; x_wconf 83' lang='lat' dir='ltr'><strong>Quor-</strong></span> 
     </span>
     <span class='ocr_line' id='line_1_52' title="bbox 808 1550 1363 1610; baseline 0 -8"><span class='ocrx_word' id='word_1_292' title='bbox 808 1553 995 1610; x_wconf 72' lang='lat' dir='ltr'><strong>sumendam,</strong></span> <span class='ocrx_word' id='word_1_293' title='bbox 1013 1551 1060 1609; x_wconf 89' lang='lat' dir='ltr'><strong>ait,</strong></span> <span class='ocrx_word' id='word_1_294' title='bbox 1079 1550 1196 1600; x_wconf 88' lang='lat' dir='ltr'><strong>Tacitum</strong></span> <span class='ocrx_word' id='word_1_295' title='bbox 1209 1551 1363 1602; x_wconf 85' lang='lat' dir='ltr'><strong>hisceueum</strong></span> 
     </span>
     <span class='ocr_line' id='line_1_53' title="bbox 808 1629 1362 1696; baseline 0 -14"><span class='ocrx_word' id='word_1_296' title='bbox 808 1641 922 1696; x_wconf 84' lang='lat' dir='ltr'><strong>putemus</strong></span> <span class='ocrx_word' id='word_1_297' title='bbox 945 1631 1108 1694; x_wconf 80' lang='lat' dir='ltr'><strong>ambagibus?</strong></span> <span class='ocrx_word' id='word_1_298' title='bbox 1127 1629 1179 1679; x_wconf 88' lang='lat' dir='ltr'><strong>Cur</strong></span> <span class='ocrx_word' id='word_1_299' title='bbox 1195 1646 1247 1680; x_wconf 88' lang='lat' dir='ltr'><strong>non</strong></span> <span class='ocrx_word' id='word_1_300' title='bbox 1265 1633 1362 1696; x_wconf 87' lang='lat' dir='ltr'><strong>simpli·</strong></span> 
     </span>
     <span class='ocr_line' id='line_1_54' title="bbox 808 1711 1359 1770; baseline -0.005 -7"><span class='ocrx_word' id='word_1_301' title='bbox 808 1716 869 1763; x_wconf 89' lang='lat' dir='ltr'><strong>citer</strong></span> <span class='ocrx_word' id='word_1_302' title='bbox 885 1721 939 1762; x_wconf 91' lang='lat' dir='ltr'><strong>tum</strong></span> <span class='ocrx_word' id='word_1_303' title='bbox 953 1713 1058 1762; x_wconf 85' lang='lat' dir='ltr'><strong>dixisset</strong></span> <span class='ocrx_word' id='word_1_304' title='bbox 1074 1711 1179 1760; x_wconf 85' lang='lat' dir='ltr'><strong>alterins</strong></span> <span class='ocrx_word' id='word_1_305' title='bbox 1196 1713 1359 1770; x_wconf 81' lang='lat' dir='ltr'><strong>centuriones,</strong></span> 
     </span>
     <span class='ocr_line' id='line_1_55' title="bbox 808 1792 1361 1854; baseline -0.004 -11"><span class='ocrx_word' id='word_1_306' title='bbox 808 1795 913 1844; x_wconf 82' lang='lat' dir='ltr'><strong>alterius</strong></span> <span class='ocrx_word' id='word_1_307' title='bbox 929 1792 1048 1842; x_wconf 79' lang='lat' dir='ltr'><strong>seraost&#39;&#39;</strong></span> <span class='ocrx_word' id='word_1_308' title='bbox 1067 1792 1134 1853; x_wconf 79' lang='lat' dir='ltr'><strong>Quia</strong></span> <span class='ocrx_word' id='word_1_309' title='bbox 1150 1793 1198 1850; x_wconf 82' lang='lat' dir='ltr'><strong>sie,</strong></span> <span class='ocrx_word' id='word_1_310' title='bbox 1214 1799 1287 1854; x_wconf 89' lang='lat' dir='ltr'><strong>puto,</strong></span> <span class='ocrx_word' id='word_1_311' title='bbox 1306 1807 1361 1841; x_wconf 88' lang='lat' dir='ltr'><strong>uon</strong></span> 
     </span>
     <span class='ocr_line' id='line_1_56' title="bbox 809 1873 1362 1936; baseline -0.004 -12"><span class='ocrx_word' id='word_1_312' title='bbox 809 1877 856 1934; x_wconf 86' lang='lat' dir='ltr'><strong>itu,</strong></span> <span class='ocrx_word' id='word_1_313' title='bbox 881 1881 909 1922; x_wconf 88' lang='lat' dir='ltr'><strong>ut</strong></span> <span class='ocrx_word' id='word_1_314' title='bbox 934 1887 1013 1932; x_wconf 87' lang='lat' dir='ltr'><strong>nunc,</strong></span> <span class='ocrx_word' id='word_1_315' title='bbox 1032 1878 1173 1936; x_wconf 86' lang='lat' dir='ltr'><strong>appareret,</strong></span> <span class='ocrx_word' id='word_1_316' title='bbox 1190 1873 1243 1921; x_wconf 84' lang='lat' dir='ltr'><strong>rim</strong></span> <span class='ocrx_word' id='word_1_317' title='bbox 1260 1879 1286 1922; x_wconf 88' lang='lat' dir='ltr'><strong>et</strong></span> <span class='ocrx_word' id='word_1_318' title='bbox 1301 1888 1362 1922; x_wconf 90' lang='lat' dir='ltr'><strong>cou-</strong></span> 
     </span>
     <span class='ocr_line' id='line_1_57' title="bbox 808 1954 1362 2017; baseline -0.002 -13"><span class='ocrx_word' id='word_1_319' title='bbox 808 1957 924 2004; x_wconf 73' lang='lat' dir='ltr'><strong>ramelias</strong></span> <span class='ocrx_word' id='word_1_320' title='bbox 939 1956 1039 2004; x_wconf 88' lang='lat' dir='ltr'><strong>misceri</strong></span> <span class='ocrx_word' id='word_1_321' title='bbox 1056 1955 1124 2002; x_wconf 79' lang='lat' dir='ltr'><strong>iussu</strong></span> <span class='ocrx_word' id='word_1_322' title='bbox 1139 1954 1216 2016; x_wconf 85' lang='lat' dir='ltr'><strong>legati</strong></span> <span class='ocrx_word' id='word_1_323' title='bbox 1233 1960 1257 2002; x_wconf 89' lang='lat' dir='ltr'><strong>at</strong></span> <span class='ocrx_word' id='word_1_324' title='bbox 1273 1969 1362 2017; x_wconf 85' lang='lat' dir='ltr'><strong>procu·</strong></span> 
     </span>
     <span class='ocr_line' id='line_1_58' title="bbox 808 2036 1361 2100; baseline -0.002 -15"><span class='ocrx_word' id='word_1_325' title='bbox 808 2037 909 2094; x_wconf 79' lang='lat' dir='ltr'><strong>ratario,</strong></span> <span class='ocrx_word' id='word_1_326' title='bbox 931 2037 987 2100; x_wconf 89' lang='lat' dir='ltr'><strong>qni,</strong></span> <span class='ocrx_word' id='word_1_327' title='bbox 1005 2050 1038 2084; x_wconf 90' lang='lat' dir='ltr'><strong>ne</strong></span> <span class='ocrx_word' id='word_1_328' title='bbox 1054 2036 1102 2098; x_wconf 90' lang='lat' dir='ltr'><strong>ipsi</strong></span> <span class='ocrx_word' id='word_1_329' title='bbox 1118 2041 1219 2097; x_wconf 84' lang='lat' dir='ltr'><strong>possent</strong></span> <span class='ocrx_word' id='word_1_330' title='bbox 1235 2037 1361 2098; x_wconf 70' lang='lat' dir='ltr'><strong>amusan,</strong></span> 
     </span>
     <span class='ocr_line' id='line_1_59' title="bbox 808 2117 1363 2170; baseline 0.005 -3"><span class='ocrx_word' id='word_1_331' title='bbox 808 2119 923 2167; x_wconf 88' lang='lat' dir='ltr'><strong>manibus</strong></span> <span class='ocrx_word' id='word_1_332' title='bbox 940 2118 1028 2166; x_wconf 89' lang='lat' dir='ltr'><strong>alienis</strong></span> <span class='ocrx_word' id='word_1_333' title='bbox 1043 2118 1185 2166; x_wconf 86' lang='lat' dir='ltr'><strong>utebantur.</strong></span> <span class='ocrx_word' id='word_1_334' title='bbox 1204 2117 1285 2167; x_wconf 88' lang='lat' dir='ltr'><strong>Addit</strong></span> <span class='ocrx_word' id='word_1_335' title='bbox 1300 2119 1363 2170; x_wconf 87' lang='lat' dir='ltr'><strong>We·</strong></span> 
     </span>
     <span class='ocr_line' id='line_1_60' title="bbox 808 2198 1362 2263; baseline 0.004 -16"><span class='ocrx_word' id='word_1_336' title='bbox 808 2199 878 2247; x_wconf 87' lang='lat' dir='ltr'><strong>xius:</strong></span> <span class='ocrx_word' id='word_1_337' title='bbox 906 2211 1006 2261; x_wconf 76' lang='lat' dir='ltr'><strong>unaque</strong></span> <span class='ocrx_word' id='word_1_338' title='bbox 1029 2198 1082 2246; x_wconf 90' lang='lat' dir='ltr'><strong>ullo</strong></span> <span class='ocrx_word' id='word_1_339' title='bbox 1104 2198 1160 2247; x_wconf 89' lang='lat' dir='ltr'><strong>loco</strong></span> <span class='ocrx_word' id='word_1_340' title='bbox 1176 2201 1276 2262; x_wconf 88' lang='lat' dir='ltr'><strong>probari</strong></span> <span class='ocrx_word' id='word_1_341' title='bbox 1292 2205 1362 2263; x_wconf 88' lang='lat' dir='ltr'><strong>pota·</strong></span> 
     </span>
     <span class='ocr_line' id='line_1_61' title="bbox 808 2277 1362 2343; baseline 0 -15"><span class='ocrx_word' id='word_1_342' title='bbox 808 2281 854 2338; x_wconf 89' lang='lat' dir='ltr'><strong>rit,</strong></span> <span class='ocrx_word' id='word_1_343' title='bbox 884 2281 987 2328; x_wconf 86' lang='lat' dir='ltr'><strong>alicuius</strong></span> <span class='ocrx_word' id='word_1_344' title='bbox 1011 2293 1097 2328; x_wconf 85' lang='lat' dir='ltr'><strong>manus</strong></span> <span class='ocrx_word' id='word_1_345' title='bbox 1114 2277 1291 2343; x_wconf 83' lang='lat' dir='ltr'><strong>(werkzeuge‚</strong></span> <span class='ocrx_word' id='word_1_346' title='bbox 1308 2281 1362 2329; x_wconf 88' lang='lat' dir='ltr'><strong>die·</strong></span> 
     </span>
     <span class='ocr_line' id='line_1_62' title="bbox 808 2359 1360 2426; baseline 0.004 -17"><span class='ocrx_word' id='word_1_347' title='bbox 808 2361 865 2426; x_wconf 86' lang='lat' dir='ltr'><strong>ner)</strong></span> <span class='ocrx_word' id='word_1_348' title='bbox 890 2361 940 2410; x_wconf 85' lang='lat' dir='ltr'><strong>dici</strong></span> <span class='ocrx_word' id='word_1_349' title='bbox 966 2359 1097 2408; x_wconf 79' lang='lat' dir='ltr'><strong>bominac.&#39;&#39;</strong></span> <span class='ocrx_word' id='word_1_350' title='bbox 1116 2361 1252 2424; x_wconf 81' lang='lat' dir='ltr'><strong>Exempla,</strong></span> <span class='ocrx_word' id='word_1_351' title='bbox 1270 2363 1297 2410; x_wconf 93' lang='lat' dir='ltr'><strong>ni</strong></span> <span class='ocrx_word' id='word_1_352' title='bbox 1313 2361 1360 2411; x_wconf 81' lang='lat' dir='ltr'><strong>fal·</strong></span> 
     </span>
     <span class='ocr_line' id='line_1_63' title="bbox 808 2439 1363 2504; baseline 0 -14"><span class='ocrx_word' id='word_1_353' title='bbox 808 2442 859 2502; x_wconf 91' lang='lat' dir='ltr'><strong>lor,</strong></span> <span class='ocrx_word' id='word_1_354' title='bbox 877 2443 964 2500; x_wconf 88' lang='lat' dir='ltr'><strong>allata,</strong></span> <span class='ocrx_word' id='word_1_355' title='bbox 982 2441 1095 2504; x_wconf 89' lang='lat' dir='ltr'><strong>probant.</strong></span> <span class='ocrx_word' id='word_1_356' title='bbox 1127 2439 1230 2490; x_wconf 83' lang='lat' dir='ltr'><strong>Comites</strong></span> <span class='ocrx_word' id='word_1_357' title='bbox 1245 2441 1363 2490; x_wconf 86' lang='lat' dir='ltr'><strong>tnierant</strong></span> 
     </span>
     <span class='ocr_line' id='line_1_64' title="bbox 809 2521 1361 2587; baseline 0.005 -17"><span class='ocrx_word' id='word_1_358' title='bbox 809 2539 893 2572; x_wconf 83' lang='lat' dir='ltr'><strong>manns</strong></span> <span class='ocrx_word' id='word_1_359' title='bbox 911 2531 967 2570; x_wconf 87' lang='lat' dir='ltr'><strong>tuae</strong></span> <span class='ocrx_word' id='word_1_360' title='bbox 983 2521 1044 2585; x_wconf 91' lang='lat' dir='ltr'><strong>quid</strong></span> <span class='ocrx_word' id='word_1_361' title='bbox 1060 2521 1273 2584; x_wconf 86' lang='lat' dir='ltr'><strong>aliudsignifioat,</strong></span> <span class='ocrx_word' id='word_1_362' title='bbox 1283 2539 1361 2587; x_wconf 90' lang='lat' dir='ltr'><strong>quam</strong></span> 
     </span>
     <span class='ocr_line' id='line_1_65' title="bbox 811 2601 1360 2669; baseline 0 -17"><span class='ocrx_word' id='word_1_363' title='bbox 811 2604 847 2652; x_wconf 88' lang='lat' dir='ltr'><strong>tui</strong></span> <span class='ocrx_word' id='word_1_364' title='bbox 872 2602 1012 2661; x_wconf 83' lang='lat' dir='ltr'><strong>adiutores,</strong></span> <span class='ocrx_word' id='word_1_365' title='bbox 1039 2601 1077 2651; x_wconf 87' lang='lat' dir='ltr'><strong>tui</strong></span> <span class='ocrx_word' id='word_1_366' title='bbox 1097 2601 1220 2652; x_wconf 76' lang='lat' dir='ltr'><strong>ministri?</strong></span> <span class='ocrx_word' id='word_1_367' title='bbox 1239 2604 1308 2664; x_wconf 78' lang='lat' dir='ltr'><strong>Quid</strong></span> <span class='ocrx_word' id='word_1_368' title='bbox 1311 2606 1360 2669; x_wconf 89' lang='lat' dir='ltr'><strong>se·</strong></span> 
     </span>
     <span class='ocr_line' id='line_1_66' title="bbox 810 2681 1360 2747; baseline 0.004 -15"><span class='ocrx_word' id='word_1_369' title='bbox 810 2699 864 2732; x_wconf 89' lang='lat' dir='ltr'><strong>cere</strong></span> <span class='ocrx_word' id='word_1_370' title='bbox 883 2684 991 2747; x_wconf 85' lang='lat' dir='ltr'><strong>facinus</strong></span> <span class='ocrx_word' id='word_1_371' title='bbox 1015 2681 1105 2730; x_wconf 87' lang='lat' dir='ltr'><strong>alienia</strong></span> <span class='ocrx_word' id='word_1_372' title='bbox 1129 2684 1250 2744; x_wconf 86' lang='lat' dir='ltr'><strong>manibus,</strong></span> <span class='ocrx_word' id='word_1_373' title='bbox 1273 2685 1360 2745; x_wconf 88' lang='lat' dir='ltr'><strong>aliud,</strong></span> 
     </span>
     <span class='ocr_line' id='line_1_67' title="bbox 808 2761 1361 2828; baseline 0.004 -16"><span class='ocrx_word' id='word_1_374' title='bbox 808 2779 884 2828; x_wconf 90' lang='lat' dir='ltr'><strong>quam</strong></span> <span class='ocrx_word' id='word_1_375' title='bbox 903 2766 994 2828; x_wconf 87' lang='lat' dir='ltr'><strong>secere</strong></span> <span class='ocrx_word' id='word_1_376' title='bbox 1015 2778 1064 2827; x_wconf 85' lang='lat' dir='ltr'><strong>per</strong></span> <span class='ocrx_word' id='word_1_377' title='bbox 1089 2761 1216 2812; x_wconf 83' lang='lat' dir='ltr'><strong>adiutores</strong></span> <span class='ocrx_word' id='word_1_378' title='bbox 1242 2772 1266 2812; x_wconf 89' lang='lat' dir='ltr'><strong>et</strong></span> <span class='ocrx_word' id='word_1_379' title='bbox 1288 2765 1361 2814; x_wconf 86' lang='lat' dir='ltr'><strong>mini·</strong></span> 
     </span>
     <span class='ocr_line' id='line_1_68' title="bbox 808 2843 1360 2908; baseline 0.005 -16"><span class='ocrx_word' id='word_1_380' title='bbox 808 2853 887 2903; x_wconf 83' lang='lat' dir='ltr'><strong>atras,</strong></span> <span class='ocrx_word' id='word_1_381' title='bbox 912 2859 956 2908; x_wconf 88' lang='lat' dir='ltr'><strong>per</strong></span> <span class='ocrx_word' id='word_1_382' title='bbox 981 2843 1099 2902; x_wconf 81' lang='lat' dir='ltr'><strong>homines,</strong></span> <span class='ocrx_word' id='word_1_383' title='bbox 1120 2845 1164 2908; x_wconf 90' lang='lat' dir='ltr'><strong>qui</strong></span> <span class='ocrx_word' id='word_1_384' title='bbox 1181 2852 1251 2894; x_wconf 91' lang='lat' dir='ltr'><strong>eraut</strong></span> <span class='ocrx_word' id='word_1_385' title='bbox 1266 2861 1360 2896; x_wconf 83' lang='lat' dir='ltr'><strong>manus</strong></span> 
     </span>
     <span class='ocr_line' id='line_1_69' title="bbox 809 2925 1360 2988; baseline 0.004 -14"><span class='ocrx_word' id='word_1_386' title='bbox 809 2939 907 2984; x_wconf 86' lang='lat' dir='ltr'><strong>eorum,</strong></span> <span class='ocrx_word' id='word_1_387' title='bbox 924 2925 967 2988; x_wconf 90' lang='lat' dir='ltr'><strong>qui</strong></span> <span class='ocrx_word' id='word_1_388' title='bbox 984 2925 1126 2973; x_wconf 80' lang='lat' dir='ltr'><strong>iusserunt?</strong></span> <span class='ocrx_word' id='word_1_389' title='bbox 1154 2925 1197 2974; x_wconf 87' lang='lat' dir='ltr'><strong>Sic</strong></span> <span class='ocrx_word' id='word_1_390' title='bbox 1206 2928 1298 2976; x_wconf 89' lang='lat' dir='ltr'><strong>Verres</strong></span> <span class='ocrx_word' id='word_1_391' title='bbox 1305 2933 1360 2976; x_wconf 77' lang='lat' dir='ltr'><strong>uta</strong></span> 
     </span>
     <span class='ocr_line' id='line_1_70' title="bbox 808 3005 1359 3066; baseline 0 -10"><span class='ocrx_word' id='word_1_392' title='bbox 808 3009 881 3056; x_wconf 90' lang='lat' dir='ltr'><strong>batur</strong></span> <span class='ocrx_word' id='word_1_393' title='bbox 904 3005 982 3054; x_wconf 79' lang='lat' dir='ltr'><strong>oculis</strong></span> <span class='ocrx_word' id='word_1_394' title='bbox 1005 3006 1124 3064; x_wconf 85' lang='lat' dir='ltr'><strong>aliorum,</strong></span> <span class='ocrx_word' id='word_1_395' title='bbox 1142 3005 1166 3054; x_wconf 89' lang='lat' dir='ltr'><strong>id</strong></span> <span class='ocrx_word' id='word_1_396' title='bbox 1185 3012 1234 3066; x_wconf 88' lang='lat' dir='ltr'><strong>est,</strong></span> <span class='ocrx_word' id='word_1_397' title='bbox 1251 3007 1359 3056; x_wconf 88' lang='lat' dir='ltr'><strong>hornini-</strong></span> 
     </span>
     <span class='ocr_line' id='line_1_71' title="bbox 809 3086 1360 3152; baseline 0 -16"><span class='ocrx_word' id='word_1_398' title='bbox 809 3089 867 3147; x_wconf 93' lang='lat' dir='ltr'><strong>bus,</strong></span> <span class='ocrx_word' id='word_1_399' title='bbox 884 3088 928 3152; x_wconf 87' lang='lat' dir='ltr'><strong>qui</strong></span> <span class='ocrx_word' id='word_1_400' title='bbox 944 3086 1135 3149; x_wconf 80' lang='lat' dir='ltr'><strong>mvastigabant.</strong></span> <span class='ocrx_word' id='word_1_401' title='bbox 1153 3087 1192 3134; x_wconf 90' lang='lat' dir='ltr'><strong>Hi</strong></span> <span class='ocrx_word' id='word_1_402' title='bbox 1207 3093 1279 3135; x_wconf 89' lang='lat' dir='ltr'><strong>eraut</strong></span> <span class='ocrx_word' id='word_1_403' title='bbox 1292 3089 1360 3136; x_wconf 90' lang='lat' dir='ltr'><strong>oculi</strong></span> 
     </span>
     <span class='ocr_line' id='line_1_72' title="bbox 815 3168 1360 3231; baseline -0.004 -13"><span class='ocrx_word' id='word_1_404' title='bbox 815 3168 916 3228; x_wconf 86' lang='lat' dir='ltr'><strong>Verris,</strong></span> <span class='ocrx_word' id='word_1_405' title='bbox 942 3174 970 3216; x_wconf 89' lang='lat' dir='ltr'><strong>ut</strong></span> <span class='ocrx_word' id='word_1_406' title='bbox 994 3168 1037 3231; x_wconf 91' lang='lat' dir='ltr'><strong>qui</strong></span> <span class='ocrx_word' id='word_1_407' title='bbox 1062 3168 1124 3216; x_wconf 91' lang='lat' dir='ltr'><strong>olim</strong></span> <span class='ocrx_word' id='word_1_408' title='bbox 1148 3168 1175 3215; x_wconf 91' lang='lat' dir='ltr'><strong>in</strong></span> <span class='ocrx_word' id='word_1_409' title='bbox 1201 3168 1289 3216; x_wconf 86' lang='lat' dir='ltr'><strong>Persia</strong></span> <span class='ocrx_word' id='word_1_410' title='bbox 1312 3182 1360 3231; x_wconf 86' lang='lat' dir='ltr'><strong>pro</strong></span> 
     </span>
     <span class='ocr_line' id='line_1_73' title="bbox 809 3246 1360 3312; baseline 0 -14"><span class='ocrx_word' id='word_1_411' title='bbox 809 3264 868 3312; x_wconf 84' lang='lat' dir='ltr'><strong>rege</strong></span> <span class='ocrx_word' id='word_1_412' title='bbox 892 3250 1023 3308; x_wconf 86' lang='lat' dir='ltr'><strong>videbant,</strong></span> <span class='ocrx_word' id='word_1_413' title='bbox 1042 3246 1198 3307; x_wconf 66' lang='grc' dir='ltr'><strong><em>ὀφθαλμοὶ,</em></strong></span> <span class='ocrx_word' id='word_1_414' title='bbox 1215 3250 1259 3312; x_wconf 91' lang='lat' dir='ltr'><strong>qui</strong></span> <span class='ocrx_word' id='word_1_415' title='bbox 1276 3249 1360 3298; x_wconf 88' lang='lat' dir='ltr'><strong>audia-</strong></span> 
     </span>
     <span class='ocr_line' id='line_1_74' title="bbox 810 3313 1358 3394; baseline -0.007 -14"><span class='ocrx_word' id='word_1_416' title='bbox 810 3332 886 3394; x_wconf 79' lang='lat' dir='ltr'><strong>bant‚</strong></span> <span class='ocrx_word' id='word_1_417' title='bbox 905 3313 963 3376; x_wconf 77' lang='lat' dir='ltr'><strong>uita</strong></span> <span class='ocrx_word' id='word_1_418' title='bbox 981 3330 1031 3377; x_wconf 82' lang='grc' dir='ltr'><strong>τοῦ</strong></span> <span class='ocrx_word' id='word_1_419' title='bbox 1049 3327 1184 3388; x_wconf 67' lang='grc' dir='ltr'><strong>βασιλέως</strong></span> <span class='ocrx_word' id='word_1_420' title='bbox 1200 3329 1358 3392; x_wconf 84' lang='lat' dir='ltr'><strong>appellaban-</strong></span> 
     </span>
     <span class='ocr_line' id='line_1_75' title="bbox 809 3411 1360 3474; baseline -0.002 -15"><span class='ocrx_word' id='word_1_421' title='bbox 809 3419 862 3470; x_wconf 88' lang='lat' dir='ltr'><strong>tur,</strong></span> <span class='ocrx_word' id='word_1_422' title='bbox 879 3411 1006 3469; x_wconf 88' lang='lat' dir='ltr'><strong>hominos‚</strong></span> <span class='ocrx_word' id='word_1_423' title='bbox 1023 3426 1128 3474; x_wconf 87' lang='lat' dir='ltr'><strong>quorum</strong></span> <span class='ocrx_word' id='word_1_424' title='bbox 1145 3425 1220 3474; x_wconf 84' lang='lat' dir='ltr'><strong>opera</strong></span> <span class='ocrx_word' id='word_1_425' title='bbox 1237 3411 1360 3459; x_wconf 88' lang='lat' dir='ltr'><strong>inaorex</strong></span> 
     </span>
     <span class='ocr_line' id='line_1_76' title="bbox 809 3489 1360 3542; baseline -0.007 -1"><span class='ocrx_word' id='word_1_426' title='bbox 809 3494 931 3541; x_wconf 85' lang='lat' dir='ltr'><strong>utebatur.</strong></span> <span class='ocrx_word' id='word_1_427' title='bbox 966 3492 1073 3542; x_wconf 88' lang='lat' dir='ltr'><strong>Wexius</strong></span> <span class='ocrx_word' id='word_1_428' title='bbox 1090 3493 1179 3542; x_wconf 86' lang='lat' dir='ltr'><strong>edidit:</strong></span> <span class='ocrx_word' id='word_1_429' title='bbox 1195 3489 1360 3539; x_wconf 79' lang='lat' dir='ltr'><strong>alteriusmo-</strong></span> 
     </span>
     <span class='ocr_line' id='line_1_77' title="bbox 809 3571 1360 3632; baseline -0.009 -10"><span class='ocrx_word' id='word_1_430' title='bbox 809 3589 876 3632; x_wconf 87' lang='lat' dir='ltr'><strong>num,</strong></span> <span class='ocrx_word' id='word_1_431' title='bbox 902 3573 1054 3622; x_wconf 82' lang='lat' dir='ltr'><strong>centuriones</strong></span> <span class='ocrx_word' id='word_1_432' title='bbox 1079 3572 1184 3621; x_wconf 84' lang='lat' dir='ltr'><strong>alteriue</strong></span> <span class='ocrx_word' id='word_1_433' title='bbox 1200 3571 1248 3619; x_wconf 86' lang='lat' dir='ltr'><strong>vim</strong></span> <span class='ocrx_word' id='word_1_434' title='bbox 1264 3577 1288 3618; x_wconf 88' lang='lat' dir='ltr'><strong>et</strong></span> <span class='ocrx_word' id='word_1_435' title='bbox 1306 3585 1360 3618; x_wconf 91' lang='lat' dir='ltr'><strong>con·</strong></span> 
     </span>
     <span class='ocr_line' id='line_1_78' title="bbox 810 3654 1360 3716; baseline -0.009 -12"><span class='ocrx_word' id='word_1_436' title='bbox 810 3655 921 3704; x_wconf 82' lang='lat' dir='ltr'><strong>tumelias</strong></span> <span class='ocrx_word' id='word_1_437' title='bbox 937 3655 1055 3703; x_wconf 83' lang='lat' dir='ltr'><strong>miscere:</strong></span> <span class='ocrx_word' id='word_1_438' title='bbox 1072 3654 1360 3716; x_wconf 85' lang='lat' dir='ltr'><strong>manurniuterpretatur</strong></span> 
     </span>
     <span class='ocr_line' id='line_1_79' title="bbox 809 3733 1360 3797; baseline -0.007 -13"><span class='ocrx_word' id='word_1_439' title='bbox 809 3735 927 3784; x_wconf 73' lang='lat' dir='ltr'><strong>cubantem</strong></span> <span class='ocrx_word' id='word_1_440' title='bbox 959 3750 1127 3793; x_wconf 81' lang='lat' dir='ltr'><strong>accensorum,</strong></span> <span class='ocrx_word' id='word_1_441' title='bbox 1158 3749 1264 3797; x_wconf 87' lang='lat' dir='ltr'><strong>qnorum</strong></span> <span class='ocrx_word' id='word_1_442' title='bbox 1285 3733 1360 3780; x_wconf 91' lang='lat' dir='ltr'><strong>mini-</strong></span> 
     </span>
     <span class='ocr_line' id='line_1_80' title="bbox 809 3805 1359 3878; baseline -0.004 -14"><span class='ocrx_word' id='word_1_443' title='bbox 809 3816 883 3864; x_wconf 91' lang='lat' dir='ltr'><strong>sterio</strong></span> <span class='ocrx_word' id='word_1_444' title='bbox 898 3822 1041 3878; x_wconf 85' lang='lat' dir='ltr'><strong>procurator</strong></span> <span class='ocrx_word' id='word_1_445' title='bbox 1053 3817 1175 3865; x_wconf 87' lang='lat' dir='ltr'><strong>utebatur.</strong></span> <span class='ocrx_word' id='word_1_446' title='bbox 1187 3815 1300 3864; x_wconf 83' lang='lat' dir='ltr'><strong>Kritaius</strong></span> <span class='ocrx_word' id='word_1_447' title='bbox 1308 3805 1359 3862; x_wconf 84' lang='lat' dir='ltr'><strong>cdi-</strong></span> 
     </span>
     <span class='ocr_line' id='line_1_81' title="bbox 809 3893 1358 3954; baseline -0.005 -9"><span class='ocrx_word' id='word_1_448' title='bbox 809 3897 861 3954; x_wconf 82' lang='lat' dir='ltr'><strong>dit,</strong></span> <span class='ocrx_word' id='word_1_449' title='bbox 884 3895 989 3944; x_wconf 84' lang='lat' dir='ltr'><strong>alterius</strong></span> <span class='ocrx_word' id='word_1_450' title='bbox 1005 3911 1111 3954; x_wconf 87' lang='lat' dir='ltr'><strong>manum,</strong></span> <span class='ocrx_word' id='word_1_451' title='bbox 1130 3896 1304 3953; x_wconf 81' lang='lat' dir='ltr'><strong>centurionem,</strong></span> <span class='ocrx_word' id='word_1_452' title='bbox 1322 3893 1358 3943; x_wconf 88' lang='lat' dir='ltr'><strong>al.</strong></span> 
     </span>
     <span class='ocr_line' id='line_1_82' title="bbox 810 3974 1360 4025; baseline -0.002 -1"><span class='ocrx_word' id='word_1_453' title='bbox 810 3977 887 4025; x_wconf 85' lang='lat' dir='ltr'><strong>terius</strong></span> <span class='ocrx_word' id='word_1_454' title='bbox 912 3991 994 4024; x_wconf 80' lang='lat' dir='ltr'><strong>seruos</strong></span> <span class='ocrx_word' id='word_1_455' title='bbox 1017 3977 1065 4025; x_wconf 86' lang='lat' dir='ltr'><strong>uim</strong></span> <span class='ocrx_word' id='word_1_456' title='bbox 1090 3985 1113 4024; x_wconf 90' lang='lat' dir='ltr'><strong>et</strong></span> <span class='ocrx_word' id='word_1_457' title='bbox 1130 3975 1288 4025; x_wconf 80' lang='lat' dir='ltr'><strong>continueliaa</strong></span> <span class='ocrx_word' id='word_1_458' title='bbox 1303 3974 1360 4024; x_wconf 86' lang='lat' dir='ltr'><strong>mia-</strong></span> 
     </span>
     <span class='ocr_line' id='line_1_83' title="bbox 810 4073 874 4106; baseline 0 -1"><span class='ocrx_word' id='word_1_459' title='bbox 810 4073 874 4106; x_wconf 83' lang='lat' dir='ltr'><strong>aare.</strong></span> 
     </span>
    </p>

    <p class='ocr_par' dir='ltr' id='par_1_5' title="bbox 808 4137 1360 4528">
     <span class='ocr_line' id='line_1_84' title="bbox 842 4137 1360 4204; baseline -0.004 -17"><span class='ocrx_word' id='word_1_460' title='bbox 842 4137 882 4187; x_wconf 87' lang='lat' dir='ltr'><strong>Ab</strong></span> <span class='ocrx_word' id='word_1_461' title='bbox 906 4138 1002 4202; x_wconf 72' lang='lat' dir='ltr'><strong>iqnavis</strong></span> <span class='ocrx_word' id='word_1_462' title='bbox 1024 4139 1168 4204; x_wconf 86' lang='lat' dir='ltr'><strong>plerumque</strong></span> <span class='ocrx_word' id='word_1_463' title='bbox 1192 4147 1216 4186; x_wconf 89' lang='lat' dir='ltr'><strong>et</strong></span> <span class='ocrx_word' id='word_1_464' title='bbox 1232 4137 1360 4187; x_wconf 83' lang='lat' dir='ltr'><strong>inbellibus</strong></span> 
     </span>
     <span class='ocr_line' id='line_1_85' title="bbox 810 4217 1360 4284; baseline -0.002 -18"><span class='ocrx_word' id='word_1_465' title='bbox 810 4218 876 4282; x_wconf 84' lang='lat' dir='ltr'><strong>eripi</strong></span> <span class='ocrx_word' id='word_1_466' title='bbox 900 4217 989 4268; x_wconf 80' lang='lat' dir='ltr'><strong>damae.</strong></span> <span class='ocrx_word' id='word_1_467' title='bbox 1025 4220 1157 4269; x_wconf 87' lang='lat' dir='ltr'><strong>Sententia</strong></span> <span class='ocrx_word' id='word_1_468' title='bbox 1173 4220 1242 4268; x_wconf 85' lang='lat' dir='ltr'><strong>iubet</strong></span> <span class='ocrx_word' id='word_1_469' title='bbox 1258 4220 1360 4284; x_wconf 74' lang='lat' dir='ltr'><strong>iqrrauos</strong></span> 
     </span>
     <span class='ocr_line' id='line_1_86' title="bbox 810 4300 1358 4365; baseline 0 -17"><span class='ocrx_word' id='word_1_470' title='bbox 810 4308 833 4348; x_wconf 87' lang='lat' dir='ltr'><strong>et</strong></span> <span class='ocrx_word' id='word_1_471' title='bbox 849 4300 948 4350; x_wconf 84' lang='lat' dir='ltr'><strong>inbelles</strong></span> <span class='ocrx_word' id='word_1_472' title='bbox 965 4303 1072 4365; x_wconf 83' lang='lat' dir='ltr'><strong>intelligi</strong></span> <span class='ocrx_word' id='word_1_473' title='bbox 1090 4302 1229 4359; x_wconf 88' lang='lat' dir='ltr'><strong>Romanos;</strong></span> <span class='ocrx_word' id='word_1_474' title='bbox 1247 4301 1358 4364; x_wconf 86' lang='lat' dir='ltr'><strong>alioquin</strong></span> 
     </span>
     <span class='ocr_line' id='line_1_87' title="bbox 810 4379 1359 4446; baseline -0.002 -16"><span class='ocrx_word' id='word_1_475' title='bbox 810 4381 934 4432; x_wconf 85' lang='lat' dir='ltr'><strong>Latinitas</strong></span> <span class='ocrx_word' id='word_1_476' title='bbox 956 4385 1075 4433; x_wconf 82' lang='lat' dir='ltr'><strong>suadebat</strong></span> <span class='ocrx_word' id='word_1_477' title='bbox 1099 4383 1277 4446; x_wconf 80' lang='lat' dir='ltr'><strong>intelligendos</strong></span> <span class='ocrx_word' id='word_1_478' title='bbox 1302 4379 1359 4430; x_wconf 83' lang='lat' dir='ltr'><strong>Bri·</strong></span> 
     </span>
     <span class='ocr_line' id='line_1_88' title="bbox 808 4461 1360 4528; baseline -0.004 -16"><span class='ocrx_word' id='word_1_479' title='bbox 808 4469 906 4512; x_wconf 86' lang='lat' dir='ltr'><strong>tannos.</strong></span> <span class='ocrx_word' id='word_1_480' title='bbox 941 4465 1008 4512; x_wconf 88' lang='lat' dir='ltr'><strong>Nam</strong></span> <span class='ocrx_word' id='word_1_481' title='bbox 1033 4480 1078 4528; x_wconf 92' lang='lat' dir='ltr'><strong>pro</strong></span> <span class='ocrx_word' id='word_1_482' title='bbox 1095 4463 1194 4528; x_wconf 83' lang='lat' dir='ltr'><strong>vulgari</strong></span> <span class='ocrx_word' id='word_1_483' title='bbox 1208 4461 1360 4512; x_wconf 78' lang='lat' dir='ltr'><strong>donaremini</strong></span> 
     </span>
    </p>
   </div>
   <div class='ocr_carea' id='block_1_5' title="bbox 0 0 1570 5308">
    <p class='ocr_par' dir='ltr' id='par_1_6' title="bbox 0 0 1570 5308">
     <span class='ocr_line' id='line_1_89' title="bbox 0 0 1570 5308; baseline 0 0"><span class='ocrx_word' id='word_1_484' title='bbox 0 0 1570 5308; x_wconf 95' lang='lat' dir='ltr'><strong> </strong></span> 
     </span>
    </p>
   </div>
  </div>
 </body>
</html>
