3130 5308
636 559 817 606 lantocai.
1246 548 1309 610 tos

159 757 223 800 nus
260 729 390 796 militari
425 727 575 791 iactantia
599 735 867 814 compararentur.
916 726 1080 792 Britannos
1106 731 1250 818 quoque,
1276 743 1310 795 ut

160 861 198 905 er
234 835 365 924 captivis
388 831 596 908 audiebatur,
621 831 685 894 risa
709 831 813 896 classis
837 830 1123 920 obstupefaciebat‚
1147 845 1310 922 tamquam

161 953 275 1032 aperto
309 939 404 1004 maris
439 937 488 1000 sui
512 947 632 1001 secreto
657 935 804 1000 ultimum
831 936 919 1000 victis
942 937 1122 1026 perfugium
1146 939 1305 1004 claudere·

162 1061 232 1113 tur.
267 1045 315 1111 Ad
350 1064 463 1107 manus
500 1052 532 1105 et
555 1063 640 1104 arma
664 1041 805 1105 conversi
829 1039 1033 1108 caledonium
1057 1043 1230 1109 incolentes
1253 1067 1311 1133 po·

164 1151 257 1242 puli,
292 1159 405 1238 paratu
429 1168 565 1234 magno,
590 1146 709 1212 maiore
739 1144 842 1221 lama,
877 1147 924 1210 uti
947 1169 1015 1212 mos
1039 1160 1086 1213 est
1109 1147 1148 1214 de
1172 1150 1310 1238 ignotis,

165 1277 351 1346 oppugnare
393 1252 477 1316 ultro
513 1250 679 1316 castellum
704 1249 828 1327 adorti,
852 1263 998 1328 metum,
1025 1263 1059 1317 ul
1082 1265 1310 1341 provocantes,

166 1361 372 1432 addiderantr
410 1354 716 1443 regrediendumque
751 1355 829 1420 citra
862 1354 1062 1433 Bodotriam,
1099 1369 1130 1422 et
1161 1356 1312 1423 exceden-

167 1658 227 1692 aera
246 1642 334 1706 sacis:
361 1639 489 1701 iunctoque
505 1634 579 1685 cubili
598 1627 719 1683 Extrahit
765 1641 826 1706 quid
854 1644 886 1690 gd
916 1643 954 1701 id,
982 1642 1050 1707 quod
1083 1643 1134 1692 iam
1166 1643 1248 1702 adest,
1273 1643 1314 1692 vel

167 1720 285 1770 insomnis
308 1719 425 1769 bellorum
446 1717 544 1784 sabula
569 1724 659 1764 noctes.
686 1715 718 1762 In
765 1723 850 1771 edesse
866 1723 1000 1786 cogitatur,
1017 1724 1044 1772 id
1060 1737 1159 1786 augere.
1193 1723 1245 1771 Hic
1263 1737 1314 1773 mo·

166 1817 221 1866 quo
243 1790 299 1849 loco
324 1807 349 1850 ot
372 1801 453 1850 simile
469 1801 531 1864 quid
546 1797 605 1846 huic
621 1796 719 1855 Tutili,
765 1808 805 1850 tua
837 1803 1010 1852 universarum
1033 1803 1099 1851 ultra
1124 1805 1237 1865 gentium
1264 1805 1314 1854 iam

166 1883 314 1947 praesertim
329 1882 401 1931 mixti
412 1877 639 1946 copiisetlaetitia.
656 1877 720 1927 Aui-
766 1883 919 1932 timebaatur.
936 1883 1012 1932 Nunc
1029 1883 1160 1934 Caledonii
1176 1893 1263 1932 metum
1271 1884 1314 1933 ad·

166 1963 309 2011 madvertat
331 1963 376 2026 qni
400 1968 543 2026 corruptum
558 1959 600 2008 vel
612 1957 720 2024 periniu-
766 1963 894 2023 ediderant,
910 1963 997 2024 metui,
1014 1965 1040 2013 iu
1056 1972 1157 2019 metum·
1171 1965 1256 2028 qualia
1272 1978 1314 2014 ex·

168 2049 210 2091 tus
234 2043 276 2090 vel
297 2043 422 2106 penuiato
444 2044 470 2092 in
493 2043 605 2091 versibus
623 2040 720 2089 Lucani
765 2045 867 2108 plicavit
883 2045 1004 2094 Heinsius
1022 2045 1053 2094 ad
1071 2045 1163 2108 Virgil.
1182 2044 1273 2107 Georg.
1291 2045 1312 2094 1.

168 2124 302 2172 emendare
316 2129 402 2172 tentet.
767 2131 824 2175 513.
847 2127 936 2175 melius
952 2141 1028 2190 quam
1044 2124 1156 2175 Gronov.
1174 2127 1207 2175 ad
1224 2125 1313 2176 Senec.

192 2201 721 2269 Apertomarissuieeoretoultimumvicta's
767 2207 844 2257 Herc.
862 2208 966 2257 Furens.
987 2199 1057 2258 1'136.
1067 2207 1239 2259 Pulcherrima
1247 2209 1315 2260 idem

164 2285 316 2350 perfugium
331 2283 497 2333 clauderetur.
516 2285 636 2336 Woxins:
649 2299 719 2332 ernon
767 2287 878 2339 Senecae
895 2289 1000 2352 Thyoei.
1018 2293 1075 2348 994,
1092 2304 1138 2353 pro
1154 2289 1263 2349 obdidit,
1280 2291 1313 2340 le-

167 2369 205 2417 itu
229 2367 357 2416 locuturus
382 2365 457 2415 fuerit
475 2365 578 2424 Cicero,
594 2366 654 2429 quia
669 2379 719 2414 rne-

167 2448 288 2512 tapharae
309 2452 392 2510 partes
410 2459 498 2509 parum
514 2447 580 2496 inter
596 2461 623 2496 sa
639 2447 720 2496 conoi-

169 2535 245 2578 nunt.
270 2527 308 2577 cf.
334 2528 421 2576 Hand.
444 2528 538 2576 Lehrb.
557 2529 572 2590 ᾖ
589 2533 629 2577 53.
648 2527 720 2576 Scili·

169 2616 211 2659 cet
228 2608 308 2658 Taciti
324 2615 405 2658 aetate
421 2609 484 2657 haec
500 2623 552 2657 non
570 2609 676 2671 amplius
693 2609 720 2656 li·

168 2697 257 2755 gurate
282 2696 306 2739 ct
329 2704 374 2753 per
397 2690 568 2752 metaphoram
585 2690 651 2738 dicta
668 2689 720 2739 exi·

168 2773 295 2822 atimanda
310 2778 382 2821 sunta
400 2769 515 2819 cdrudem
531 2771 720 2820 enimnunoni·

168 2854 208 2904 hil
230 2859 267 2903 eat
282 2853 333 2902 nisi
349 2851 510 2916 intercipere,
527 2850 718 2902 intercludere-'⁸

170 2936 228 2998 Ego
253 2940 278 2983 et
292 2935 329 2982 ita
343 2933 492 2990 iudicarem,
509 2932 559 2982 nisi
575 2933 720 2982 adiunctum

169 3018 274 3067 haberat
289 3013 573 3080 opertonaorisseoreto.
590 3015 719 3078 Inoperto

170 3105 197 3148 et
214 3096 298 3146 clauso
315 3096 432 3158 cogitatio
447 3095 607 3158 metaphorae
624 3106 721 3156 semper

170 3180 215 3229 vel
223 3178 309 3227 invitia
316 3175 635 3240 reatuquomrisexpelles.
646 3174 722 3234 Quod

171 3259 255 3312 videri
278 3264 357 3322 potest
380 3273 432 3307 non
458 3271 511 3308 esee
532 3257 574 3305 val
590 3256 617 3304 in
634 3263 722 3321 operto

171 3343 215 3393 rol
240 3341 267 3390 in
293 3327 398 3398 clauso,
413 3339 462 3389 hoo
478 3354 530 3388 non
546 3343 627 3400 potest
642 3337 722 3388 videri

173 3426 201 3473 in
223 3423 306 3472 verbis
323 3421 470 3471 coniunctis.
488 3421 605 3469 Fortasse
621 3419 722 3470 Tacitus

174 3517 280 3556 acumen
305 3503 427 3566 captavit,
453 3517 478 3552 v.
505 3517 527 3550 c.
554 3501 664 3549 Romani
679 3515 722 3550 no·

175 3594 254 3636 strum
280 3591 410 3643 secretum,
427 3585 454 3633 iu
471 3598 521 3647 quo
538 3588 591 3631 erat
607 3582 724 3632 ultimum

173 3667 316 3733 perfugium
349 3666 371 3714 ai
402 3665 545 3723 vincamur,
574 3663 723 3712 clauserunt.

176 3749 240 3798 Tale
264 3759 370 3796 acumen
386 3746 465 3809 magis
482 3745 568 3794 Plinio
583 3757 660 3807 quam
676 3744 725 3794 Ta

174 3831 224 3880 cito
248 3831 354 3892 dignum
379 3834 451 3878 esset.
478 3828 563 3889 Quare
584 3827 652 3876 hunc
668 3827 725 3876 ecri-

174 3914 253 3977 psieee
274 3911 391 3959 ooniioioz
414 3917 514 3974 reperto
531 3909 608 3959 maris
623 3917 725 3959 recreta.

176 3994 233 4053 Sic,
255 4006 297 4041 me
317 3991 431 4054 quidem,
449 3989 606 4040 clauderetur
622 4005 674 4040 non
691 3990 726 4040 of·

175 4073 297 4124 tenderat.

210 4153 320 4213 Motum,
337 4162 365 4202 ut
378 4161 554 4218 prouocantes,
568 4152 726 4202 addiderant.

178 4237 238 4286 Non
264 4235 409 4298 simpliciter
426 4233 550 4296 significat
565 4243 652 4283 aretum
668 4234 727 4283 iaie-

178 4325 275 4376 ceram,
306 4318 350 4366 sed
374 4329 496 4378 magnum
519 4322 615 4365 metum
639 4317 727 4366 iniece-

765 2373 840 2434 gebat
856 2369 968 2420 addidit:
982 2369 1092 2434 ppisoior
1109 2370 1191 2419 densis
1207 2371 1257 2419 coit
1269 2369 1314 2420 Cu·

767 2451 815 2514 ligo
833 2451 951 2510 tenebris,
968 2464 1063 2513 uosque
1079 2466 1106 2498 se
1122 2449 1149 2498 iu
1164 2457 1255 2498 noctem
1271 2449 1314 2498 ad-

767 2531 839 2580 didit.
865 2531 974 2580 Senecae
998 2537 1083 2579 tamen
1100 2545 1154 2581 asae
1170 2531 1256 2580 oredo:
1275 2547 1313 2580 uo·

766 2620 874 2676 clamque
890 2612 916 2660 ira
932 2620 1024 2660 noctem
1041 2611 1148 2662 addidit.
1167 2611 1256 2676 Caligo
1273 2614 1314 2662 ad·

765 2694 829 2742 didit
853 2700 964 2754 noctem,
991 2695 1074 2753 auxit,
1100 2695 1196 2744 addidit
1217 2700 1316 2743 noctem

765 2776 792 2824 in
818 2781 925 2825 noctem.
950 2774 993 2824 Sia
1015 2775 1090 2826 Ouid.
1109 2776 1214 2824 Metam.
1233 2775 1315 2824 VIII.

766 2861 822 2906 484.
850 2853 882 2904 Iu
907 2856 986 2906 scelus
1010 2855 1147 2906 addendum
1169 2856 1249 2905 scelus
1265 2864 1316 2914 est,

765 2939 790 2988 iu
801 2939 900 3002 funera
911 2939 1003 3002 sunus.
1022 2938 1097 2998 Quod
1114 2935 1317 2996 deadderedixi,

765 3019 832 3067 valet
849 3019 916 3066 idem
932 3019 964 3067 do
975 3019 1098 3079 firmare,
1115 3030 1215 3078 augere.
1245 3015 1317 3064 Taci-

766 3107 806 3149 tus
828 3099 915 3147 eodem
932 3111 1006 3146 sensu
1022 3096 1093 3159 ponit
1111 3095 1208 3144 animos
1225 3093 1317 3143 addere

767 3185 792 3229 ot
816 3193 915 3242 cupere.
939 3177 978 3227 Ut
1003 3177 1091 3242 Agris.
1117 3191 1171 3239 cap.
1189 3181 1212 3226 5.
1231 3173 1318 3225 Artem

768 3269 792 3310 et
816 3276 885 3309 uuum
910 3268 935 3308 et
956 3257 1067 3308 stimulor
1092 3256 1212 3307 addidere
1228 3257 1317 3308 iuveni.

768 3341 881 3406 Apparet
904 3341 990 3390 omnia
1014 3340 1062 3388 ista
1077 3340 1104 3388 in
1121 3340 1212 3388 iuvene
1226 3337 1317 3412 fuisse,

768 3437 846 3487 quum
862 3421 1015 3485 aliquamdiu
1023 3421 1049 3468 in
1059 3419 1192 3469 Britannia
1200 3419 1317 3480 degisset,

770 3507 813 3554 sed
828 3503 901 3552 finita
916 3501 1076 3565 expeditione
1093 3499 1208 3550 Suetonii
1217 3499 1319 3549 Paulini

770 3592 794 3636 at
810 3585 937 3633 tribunatu
955 3581 1090 3644 Agricolae
1107 3587 1191 3629 aucta.
1216 3576 1319 3628 Stimuli

770 3663 904 3722 adduntur,
920 3669 949 3712 ut
964 3663 1070 3713 calcaria
1087 3660 1319 3712 addunturvatibue

771 3747 836 3810 apud
861 3746 952 3796 Horat.
978 3746 1058 3809 Epist.
1084 3745 1124 3794 11.
1147 3758 1166 3794 1.
1184 3745 1242 3793 217.
1260 3743 1318 3792 Lin.

771 3829 880 3880 XXVI.
908 3834 947 3879 16.
968 3825 1062 3892 Virgae
1078 3825 1143 3876 oddo
1158 3825 1212 3875 uiro
1223 3825 1303 3890 sorti.

805 3909 848 3959 Ne
861 3918 994 3976 superante
1011 3923 1107 3957 nurnero
1123 3914 1148 3954 et
1152 3905 1251 3969 peritia
1259 3903 1320 3952 laco-

771 4008 825 4041 rum
849 3977 1027 4040 circumiretur.
1058 3988 1117 4036 Hoc
1141 3991 1190 4034 eet:
1216 3996 1248 4032 ne
1274 3982 1319 4033 oir-

771 4074 919 4132 cumiratur‚
945 4072 1012 4135 quod
1036 4069 1109 4121 facile
1133 4066 1188 4116 lieri
1207 4070 1319 4128 poterat,

772 4169 830 4202 cum
851 4166 970 4202 numeros
988 4148 1120 4214 (hosfium)
1138 4150 1278 4209 superarat,
1296 4149 1322 4195 et

772 4234 862 4298 peritia
877 4234 989 4282 locorum
1005 4234 1144 4294 superaret,
1162 4239 1280 4276 numerus
1296 4231 1322 4274 et

772 4313 861 4377 peritia
877 4314 904 4362 in
920 4312 1033 4361 hostibus
1050 4307 1241 4359 essentmaiora.
1256 4305 1322 4356 Con·

177 4404 271 4448 serant.
296 4395 399 4446 Addere
416 4411 512 4460 semper
528 4383 625 4460 aliquid¹
638 4397 728 4459 prima»
773 4395 871 4445 cinnius
895 4399 994 4457 putem:
1019 4406 1049 4439 ne
1065 4397 1210 4455 superantes
1226 4403 1322 4438 numero

178 4480 230 4529 riae
246 4479 356 4530 notionis
372 4479 475 4539 retinet,
493 4476 666 4542 nempe,dorc
683 4477 728 4528 ali·
775 4485 799 4526 et
818 4475 915 4544 peritia
932 4474 1036 4526 locorum
1053 4471 1207 4523 circumirent
1213 4470 1323 4528 ;vel:ne
