3134 5310
654 531 829 582 sorrecis.
999 530 1005 535 ·
1278 521 1320 584 53

167 708 220 776 rel
246 705 380 795 bipenni
403 703 623 770 assimilarem.
670 701 711 768 ln
735 712 782 766 est
805 721 842 766 aa
865 700 960 766 facies
984 701 1063 768 citro
1090 699 1319 780 Caledoniam,

170 887 264 936 lembore
280 884 359 934 video.
380 880 448 938 Quos
465 889 490 930 to
507 882 586 942 sitas,
605 897 668 944 quoe
685 895 726 927 no·
773 879 860 939 eteris,
886 895 932 927 non
956 877 1099 930 tradidisse.
1135 882 1207 943 Quae
1232 881 1321 930 notitia

170 975 247 1017 iuras
271 979 354 1013 reram
368 971 392 1012 et
410 962 527 1022 meorum,
555 979 615 1026 quos
631 976 726 1021 mores,
773 960 921 1009 Britanniae
945 975 961 1010 a
985 961 1030 1010 tali
1053 962 1211 1025 expeditione
1228 961 1321 1025 sperari

172 1063 240 1112 qaas
254 1051 352 1111 pantes,
370 1059 434 1107 queue
453 1059 567 1108 papnoe,
584 1058 654 1106 quma
669 1057 726 1090 uero
771 1042 886 1104 poterat?
912 1042 960 1100 Et,
977 1043 999 1092 si
1016 1041 1108 1094 Caesar
1124 1043 1219 1108 aliquid
1235 1045 1268 1094 ad
1284 1044 1321 1092 in·

174 1127 257 1192 ip'eum
272 1126 445 1190 imperatorne
461 1123 551 1173 babes!
584 1122 641 1189 Eyo
659 1132 683 1172 te
699 1123 726 1172 li·
772 1123 854 1172 sulam
877 1125 1076 1186 cognoscendam
1101 1124 1253 1188 scripsisset,
1272 1124 1321 1174 Ta·

175 1210 271 1266 omre,
285 1215 314 1255 at
331 1221 420 1270 rapas,
438 1205 526 1268 qnibns
542 1205 614 1253 rebus
630 1204 726 1266 vie,io·
771 1204 835 1252 citus
851 1205 927 1254 verbo
943 1210 1117 1264 memorasset,
1134 1206 1320 1268 expeditionem

173 1289 245 1338 eobo.
265 1288 375 1349 Quotus
393 1285 482 1336 Cicero
498 1287 656 1348 eratlegatus
665 1285 726 1334 Cae·
771 1291 856 1334 mmen
873 1300 924 1334 non
941 1287 1011 1336 omni
1027 1285 1109 1334 fructu
1125 1286 1240 1336 semisse.
1267 1287 1320 1336 Iste

173 1370 239 1418 saris
263 1369 291 1417 in
315 1367 458 1416 Britannia
491 1366 541 1415 Ille
564 1367 637 1430 plina
656 1367 726 1415 inda·
771 1364 865 1415 buctm
890 1372 956 1418 certe
978 1372 1031 1416 erat
1047 1367 1182 1418 αᾶωοᾱιιω
1199 1367 1318 1430 exiguus,

173 1464 239 1514 gara
253 1449 333 1512 potuit
347 1463 426 1513 quam
442 1447 542 1498 Caesar.
552 1447 604 1498 Sed
612 1449 645 1497 de
651 1461 726 1512 opere
770 1447 838 1509 quod
854 1446 1015 1498 Britanniam
1030 1447 1134 1510 posteris
1146 1448 1221 1498 modo
1238 1452 1319 1498 osten·

174 1533 215 1580 nil
238 1536 342 1580 cenent.
377 1529 495 1579 Fortasse
510 1530 597 1580 omnia
612 1531 726 1580 desumto
770 1527 848 1576 derat
883 1526 961 1576 Plura
979 1529 1011 1577 da
1026 1528 1116 1590 spuriis
1132 1529 1186 1578 istis
1202 1543 1254 1578 non
1271 1528 1318 1577 dis·

171 1617 233 1661 sunt
258 1625 291 1660 ex
316 1611 399 1660 Fabio
422 1609 539 1669 Rustico,
564 1610 608 1674 qui
629 1610 726 1674 scripsit
770 1608 869 1670 putabo.
905 1607 1008 1658 Addere
1028 1615 1127 1660 tantum
1151 1610 1233 1668 lubet,
1254 1623 1319 1673 quae

139 1747 142 1752 ¹
171 1690 317 1742 Historiam
333 1691 643 1756 temporam,prinoipibus
651 1688 724 1739 Clau·
770 1689 888 1751 leguntur
903 1690 931 1740 in
948 1691 971 1740 Ι.
989 1689 1318 1751 caenomanensium,

169 1773 216 1824 dic
230 1778 256 1822 et
272 1773 382 1831 Nerone,
398 1778 437 1821 ter
453 1785 469 1820 a
486 1771 575 1820 Tacito
591 1772 618 1820 in
637 1770 724 1820 Anna
770 1771 809 1820 ed.
828 1770 946 1820 Schneid.
964 1787 988 1834 p.
1007 1777 1047 1822 49.
1058 1770 1144 1822 Mulio
1152 1770 1249 1836 quidem
1256 1771 1318 1820 acri·

171 1853 242 1902 libus
265 1858 425 1902 memoratus.
460 1851 551 1916 Neque
574 1865 667 1900 evoro
683 1853 723 1900 ab·
767 1858 855 1914 ptores
879 1850 909 1900 de
933 1849 1113 1902 Britannorum
1128 1851 1234 1900 moribus
1250 1849 1318 1900 loona

169 1933 269 1994 horret,
291 1933 314 1983 si
335 1934 393 1998 quia
408 1933 556 1992 coniicerat,
573 1933 656 1995 ipsum
673 1932 723 1982 Ilu-
769 1929 809 1980 bio
831 1932 951 1991 connect,
976 1947 1040 1996 qaue
1064 1931 1143 1984 sciens
1168 1930 1252 1980 eudon
1276 1947 1317 1980 ro·

168 2015 263 2064 mum
278 2015 305 2063 in
323 2013 458 2064 Britannia
473 2013 671 2070 suisse‚muneri
679 2013 721 2062 ali·
769 2012 834 2060 none
854 2021 1000 2077 praetereo,
1022 2026 1073 2075 qno
1085 2011 1211 2077 praeterii
1227 2007 1316 2060 Soeoo·

168 2096 212 2146 cui
235 2095 418 2159 praepositum,
435 2094 538 2144 sommae
554 2093 632 2143 Didio
648 2093 722 2144 Gallo
768 2109 829 2142 rom.
865 2090 970 2142 Mutato
986 2100 1042 2142 eunt
1056 2092 1144 2142 omnio.
1179 2089 1316 2142 Ecceenim

168 2191 185 2226 a
211 2180 311 2226 51-58
335 2176 432 2238 legato,
458 2181 517 2224 ante
541 2181 686 2238 occupatam
707 2190 722 2224 a
767 2172 872 2238 esempii
886 2174 973 2238 prurio
988 2173 1108 2238 scriptum
1123 2181 1178 2222 eei:
1195 2170 1316 2238 Leporem

167 2256 525 2306 SuetonioPaulincinsulam
534 2255 648 2304 Monam.
656 2256 721 2305 Nec-
765 2253 885 2318 pollinam
908 2263 983 2318 atque
1006 2269 1116 2304 oneerem
1139 2262 1242 2320 puriore
1262 2257 1316 2321 soa

165 2339 231 2388 dum
255 2337 357 2400 cognite
381 2342 435 2385 erat
460 2334 605 2386 celedonis.
639 2337 720 2400 Igitur
766 2351 812 2384 non
833 2343 940 2399 patron,¹
967 2351 1068 2398 quornm
1092 2344 1159 2386 certe
1180 2335 1251 2386 lodie
1268 2353 1315 2386 non

164 2418 265 2468 Fabius
296 2417 413 2466 Rusticus
439 2417 547 2466 formam
571 2417 720 2468 Britanniae
764 2424 861 2479 poetam
882 2414 1026 2474 norim-aed
1040 2431 1083 2464 nec
1100 2431 1165 2464 esum
1185 2425 1313 2480 respuunt.

165 2498 325 2548 assimulavit
347 2497 453 2561 bipenni.
488 2499 522 2546 Et
539 2497 619 2546 forma
635 2499 719 2562 bipen-
772 2495 860 2546 Omitto
876 2495 930 2546 aiio
946 2495 1064 2545 stultiora
1080 2495 1110 2545 de
1126 2495 1240 2546 moribus.
1270 2495 1316 2548 Ad

164 2579 212 2627 nis
234 2578 603 2642 numquamnumquam.
637 2579 720 2628 Notae
765 2592 805 2626 res
820 2585 905 2642 pastos
920 2575 1002 2626 redeo.
1033 2575 1084 2626 Cur
1100 2577 1143 2628 illa
1160 2577 1312 2643 scriptores?

165 2663 231 2706 sunt
245 2657 718 2721 huiusmodioomparationaaexldela,
765 2657 817 2708 Sed
847 2664 872 2708 at
895 2658 944 2708 hoc
968 2664 993 2708 et
1017 2664 1098 2708 toturn
1123 2665 1312 2723 argumentum,

165 2739 269 2798 Plinio,
298 2740 362 2790 aliis.
403 2739 533 2790 Librarius
558 2741 585 2788 in
612 2738 719 2790 Caesam
763 2740 813 2790 nisi
836 2740 888 2790 iam
913 2741 1065 2803 explicatum
1089 2740 1135 2799 sit,
1162 2739 1217 2788 aliis
1233 2740 1312 2802 expli·

164 2820 244 2868 istam
266 2820 479 2883 comparationem
503 2820 601 2870 Rustici
616 2821 717 2880 omisit,
763 2823 871 2872 cendum
886 2822 1010 2886 relinquo.
1025 2821 1311 2883 Wexiusrecteposset.

164 2907 198 2950 nt
221 2902 363 2951 ruosinrile
388 2907 425 2950 est
447 2901 497 2950 alie
512 2901 632 2952 omisisse.
667 2903 717 2952 Ne·
798 2901 834 2952 ln
858 2911 895 2952 eat
911 2917 942 2952 en
952 2903 1043 2967 socies
1059 2902 1125 2952 cisra
1146 2899 1311 2950 Caledoniam.

164 2981 304 3044 gligontius
328 2988 394 3032 certe
419 2982 446 3030 in
472 2983 541 3032 omni
565 2983 613 3032 bac
629 2982 717 3034 fraude
764 2982 828 3044 Quis
850 2984 947 3034 laudat:
959 2984 1072 3046 sormam
1089 2981 1237 3030 Britanniae
1253 2981 1311 3030 essi·

165 3063 234 3125 egit;
259 3063 309 3112 nisi
333 3069 388 3126 post
408 3063 518 3125 primum
533 3062 662 3114 falsarium
679 3079 716 3114 ae-
762 3065 890 3112 mularere
914 3063 1025 3125 bipenni.
1060 3062 1094 3110 Et
1119 3065 1156 3109 eet
1181 3073 1211 3108 ee
1221 3059 1311 3123 socies

166 3142 273 3191 cessent
300 3143 375 3203 alter,
405 3146 449 3208 qui
479 3145 571 3194 omissa
596 3160 611 3193 a
635 3147 717 3209 priore
763 3143 929 3194 Britanniae?
956 3142 1070 3206 Aliquod
1085 3140 1218 3192 discrimen
1236 3141 1310 3192 senti·

167 3223 251 3272 verba
274 3221 367 3272 Rustici
390 3225 521 3274 addiderit.
557 3225 629 3285 Quae
649 3241 717 3276 nunc
761 3233 843 3285 retur,
864 3226 886 3276 ei
901 3241 926 3274 v.
943 3239 965 3274 c.
983 3224 1131 3287 mripsisset:
1149 3220 1311 3274 Britanniam

166 3305 197 3353 in
216 3301 406 3355 Commentariis
423 3304 536 3355 Caesaris
552 3307 716 3369 leguntur,in
762 3305 961 3356 assimilaverunt
971 3307 1075 3371 somnos
1092 3303 1210 3368 bipennis.
1229 3300 1311 3354 Eteet

166 3385 202 3434 iis
218 3399 270 3433 non
287 3385 396 3434 cernitur
411 3386 716 3448 concinnusrerumordo,
763 3403 794 3436 eo
805 3387 901 3452 socies.
925 3386 1085 3460 Quamquam
1094 3385 1311 3449 sormoetsaoics

165 3478 245 3528 quem
261 3463 395 3514 Caesares
411 3464 512 3516 Caesari
528 3467 622 3518 similes
635 3469 717 3517 obser·
763 3467 873 3532 bipennis
897 3467 1036 3531 promiscue
1052 3465 1183 3514 usitantur.
1218 3464 1309 3527 Pomp.

164 3545 268 3594 rabant.
304 3545 354 3594 Ille
377 3546 466 3596 saltam
490 3548 680 3615 descriptionem
702 3563 717 3598 a
764 3549 834 3600 Mela
862 3549 901 3599 11.
932 3552 956 3596 2.
987 3544 1052 3594 Posi
1080 3543 1195 3609 spatioso
1209 3541 1311 3596 ,modice

164 3626 247 3689 eapite
273 3630 303 3676 1³
328 3627 467 3690 incepisset.
501 3626 636 3686 Ceterum,
653 3642 717 3691 quae
764 3626 852 3694 (terra)
873 3627 999 3693 paulatim
1023 3642 1050 3676 se
1074 3626 1133 3692 ipso
1142 3624 1269 3691 surripui,
1285 3633 1311 3674 et

164 3707 261 3758 librarii
284 3709 457 3767 inseruerunt,
485 3709 611 3772 eleganter
627 3709 718 3772 scripta
763 3710 837 3774 quasi
861 3710 887 3759 in
907 3725 1043 3760 mucronem
1058 3707 1126 3773 ionpe
1142 3706 1258 3772 colliqene
1275 3706 1309 3756 la·

164 3795 233 3838 sunt.
258 3789 410 3852 Eloquentia
432 3790 513 3852 magn
538 3792 717 3854 appareret,ei
764 3799 834 3851 tero,
854 3791 931 3856 socio
952 3791 1034 3856 positi
1058 3790 1122 3840 ensis
1147 3788 1238 3840 allecta
1263 3797 1308 3839 ost.

164 3871 328 3920 inseruissent
341 3877 432 3920 cuncta
447 3871 553 3935 integra.
588 3873 654 3922 Utut
670 3879 716 3933 eet,
763 3873 862 3924 Plinius
886 3875 923 3924 Η.
941 3874 975 3924 N.
994 3872 1045 3922 IV.
1065 3876 1103 3920 12.
1121 3867 1259 3919 Poninenlo
1275 3868 1311 3918 od

164 3951 187 4000 ei
204 3963 256 4001 non
273 3965 307 4000 ex
324 3951 405 4001 Fabio
422 3951 525 4000 Rustico
541 3953 716 4013 insenuerunt,
757 3956 870 4018 sormam
882 3953 964 4019 qlodii
976 3954 1308 4014 intronsoersnmporreoia.

164 4031 279 4082 fecerunt
293 4046 328 4082 ex
345 4032 403 4081 alio.
419 4031 552 4082 Caesarem
567 4035 670 4098 quidem
685 4036 717 4085 de
759 4037 884 4086 Latinum
909 4041 974 4086 erat:
994 4036 1107 4100 formum
1123 4027 1307 4080 assimulavere.

164 4112 220 4176 ipsa
245 4113 380 4162 Britannia
396 4112 461 4162 nihil
477 4115 584 4174 dixisse,
602 4123 716 4179 apparet,
763 4114 800 4164 Es
817 4124 854 4166 ost
869 4131 901 4166 eo
910 4118 1009 4181 sonno.
1028 4114 1102 4164 'Iulia
1117 4123 1202 4174 saepe,
1212 4109 1308 4158 etiamsi

163 4194 716 4258 usco,veexcsp.1s,unnmnus
762 4197 922 4261 mimicum
954 4211 1007 4245 non
1040 4195 1137 4256 sugat.
1164 4196 1309 4255 repetuntur

91 4277 95 4283 '
165 4275 263 4326 scribit:
286 4272 372 4324 Divos
388 4272 484 4336 Iulios,
499 4291 645 4340 quanquam
657 4295 716 4344 pro·
762 4293 788 4328 v.
805 4293 826 4326 c.
852 4294 867 4328 a
892 4277 1006 4330 Caesare.
1041 4274 1094 4326 Sed
1109 4286 1205 4336 semper
1222 4272 1309 4324 eedem

164 4371 240 4420 sporo
254 4371 343 4421 papan
360 4358 478 4408 terrearis
490 4357 717 4417 incoios‚aolitore
763 4359 846 4410 verbe.
873 4359 974 4408 Taeims
990 4358 1118 4422 repetisset
1134 4354 1175 4404 vel
1185 4355 1309 4418 sorno-

160 4438 259 4501 poiiims
276 4438 324 4499 sit,
337 4446 423 4503 potest
436 4437 517 4492 uideri
524 4438 658 4492 ostendisse
671 4459 715 4507 po·
763 4441 858 4504 formo,
884 4441 925 4498 vel
942 4435 1163 4508 smine-saciet,
1181 4436 1232 4512 aad
1256 4450 1308 4486 11011
