3134 5310
267 505 286 562 8
685 513 841 561 connnnrr
861 511 977 564 ,rrcrrr

264 685 347 763 suin
376 683 453 749 adeo
478 683 607 748 virtutes
631 682 740 749 iisdem
763 677 958 768 temporibus
983 683 1101 768 optime
1125 679 1412 770 aestimantesqui·

264 871 344 920 tivum
359 870 513 932 pronominis
522 870 574 934 ipsi
586 871 720 933 explicent.
730 870 812 918 Utun-

264 950 360 999 turbis
377 949 511 1013 exemplis:
531 949 634 1002 Sallust.
653 952 685 1000 B.
704 953 760 1013 lug.
773 955 811 999 18.

265 1027 400 1078 Exercitus
425 1031 477 1078 cius
510 1033 657 1096 compositus
679 1049 709 1081 en
733 1031 812 1080 uariis

262 1109 386 1174 pentibus,
403 1110 493 1160 amisso
510 1110 583 1172 duee,
601 1128 631 1162 ac
644 1114 741 1178 passim
753 1111 811 1160 rnul-

265 1191 298 1240 tis
322 1191 371 1240 sibi
395 1192 499 1255 quisque
515 1193 643 1257 imperium
657 1193 810 1257 petentibus,

264 1272 331 1320 breui
356 1271 484 1321 dilabitur.
510 1274 550 1322 De
574 1274 600 1323 h.
626 1275 643 1323 l.
669 1275 732 1322 bene
748 1274 812 1322 mibi

264 1354 389 1416 disputare
404 1355 504 1403 videtur
521 1354 635 1413 Curtius,
652 1360 695 1402 aut
709 1353 812 1416 quisque

265 1434 437 1497 accipiendum
453 1450 498 1497 pro
515 1436 631 1498 quisque,
649 1435 666 1482 i.
684 1448 706 1484 e.
716 1434 811 1496 quibus·

266 1529 320 1578 que,
337 1521 380 1562 aut
395 1517 567 1578 reponendum
585 1517 686 1578 quique,
697 1516 714 1563 i.
724 1529 745 1563 e.
756 1531 811 1577 quo-

266 1611 320 1659 que.
338 1595 396 1644 Hoc
412 1609 500 1644 venum
516 1602 589 1659 puto,
608 1597 651 1644 sed
661 1595 812 1658 quiqueesse

266 1676 402 1725 ablativum
415 1676 513 1738 generis
522 1675 650 1735 feminini,
659 1678 718 1740 quia
726 1675 812 1725 referri

265 1763 362 1821 oportet
386 1757 418 1806 ad
442 1764 533 1820 pentes.
551 1758 620 1806 Nam
637 1757 684 1806 tibi
702 1770 813 1818 quaeque

264 1854 323 1902 pens
339 1839 402 1900 petit
417 1839 562 1901 imperium,
580 1853 631 1886 non
648 1838 696 1886 sibi
711 1837 813 1899 quisque

265 1934 299 1970 ex
320 1919 443 1982 gentibue.
474 1919 587 1967 Utuntur
605 1918 721 1980 exemplo
745 1917 813 1964 Livii

266 2001 376 2052 XXIV.
403 2006 426 2048 4.
458 1997 557 2048 Ceteros
584 2007 676 2048 tutores
693 1999 813 2046 subnwuet

266 2079 475 2130 Andrunodorus:
489 2081 596 2130 iuuenem
608 2079 657 2127 ium
674 2093 726 2126 esse
743 2076 813 2128 dicti-

267 2173 323 2212 tans
332 2161 514 2226 Hieronymum,
524 2169 548 2208 et
555 2160 752 2223 repnipotentem
758 2179 766 2205 .·
772 2159 812 2208 de·

266 2245 430 2307 ponendoque
438 2243 541 2290 tutelam
550 2241 688 2303 ipse‚quae
696 2240 813 2302 cumplu-

266 2325 334 2373 ribus
348 2323 556 2378 communissent,
565 2320 624 2370 inse
633 2337 704 2368 unum
712 2321 814 2368 omnium

265 2406 332 2456 uires
341 2403 466 2452 conuertit.
476 2404 508 2451 In
517 2402 632 2452 omnibus
640 2402 741 2464 quidem
751 2402 812 2450 Mes.

265 2481 817 2548 legiundeponendoipsasedGronoviusedr

266 2567 372 2630 ditquae
380 2565 431 2628 ipsi
438 2580 491 2612 curn
495 2563 812 2628 pluribuscomrnum'scrat.

267 2647 357 2696 Livius
374 2647 498 2709 scripsisse
515 2645 611 2696 debuit:
626 2643 813 2709 deponendoque

266 2728 380 2786 tutelam,
398 2728 465 2792 ipse,
483 2741 546 2788 quae
564 2741 615 2774 cum
629 2724 744 2789 pluribus
754 2741 812 2772 com-

266 2823 348 2856 munes
364 2815 448 2865 erunt,
465 2806 491 2855 in
507 2821 533 2854 se
549 2821 621 2852 unum
638 2805 812 2854 omniumuires

266 2889 392 2938 conuertit.
411 2888 528 2938 Tutelam
544 2902 601 2936 eum
617 2887 728 2949 pluribus
737 2885 811 2934 fuisse

264 2983 424 3020 communem
456 2968 519 3017 nihil
549 2968 669 3018 attinebat
694 2953 810 3024 narrare,

265 3053 355 3116 quippe
380 3051 439 3100 satis
460 3048 620 3124 manifestum
637 3063 670 3098 ex
687 3061 728 3105 eo,
745 3047 812 3110 quod

264 3134 316 3180 iarn
348 3132 447 3179 dixerat
478 3131 690 3180 Andranodorum
720 3135 812 3175 ceteros

266 3219 359 3260 tutores
392 3211 529 3258 removisse.
562 3210 695 3259 Attinebat
719 3222 811 3256 memo-

265 3305 336 3350 rare,
353 3291 419 3338 uires
431 3292 519 3354 fuisse
536 3305 679 3347 communes,
689 3289 748 3352 quia
757 3288 811 3336 An-

264 3373 419 3422 dranodorue
436 3386 489 3420 esse
505 3377 602 3434 poterat
618 3371 731 3433 princepe
748 3376 811 3418 tuto

263 3470 328 3512 runs,
345 3455 452 3513 maiore,
469 3467 545 3516 quam
561 3453 811 3513 collegae‚potestats

265 3537 398 3597 praeditus.
426 3535 533 3584 Wexius
548 3534 597 3582 alio
612 3531 680 3580 Livii
694 3531 810 3592 exemplo

264 3617 358 3673 utitur,
377 3615 428 3664 IV.
446 3621 486 3662 44.
511 3613 569 3662 Cum
578 3613 711 3670 dissecuit,
721 3627 811 3659 caussa

264 3695 319 3758 ipse
341 3712 390 3759 pro
415 3709 441 3741 se
466 3694 535 3742 dicta
559 3722 593 3730 -
614 3693 752 3742 damnatur.
771 3692 811 3740 Ibi

265 3791 317 3824 uon
334 3776 421 3833 video,
437 3777 562 3838 quomodo
577 3775 665 3824 Livius
674 3774 745 3822 aliter
754 3774 810 3820 scri·

264 3857 323 3908 bere
347 3856 467 3918 potuerit,
493 3856 555 3914 nisi,
582 3871 671 3904 caussa
697 3853 748 3917 ipsi
761 3869 810 3916 pro

264 3953 290 3984 sc
313 3937 394 3995 clienta,
417 3953 463 3984 sua
480 3938 561 4002 ipsius
574 3952 664 3985 caussa
678 3933 762 3992 dicta,
780 3935 810 3981 ab

264 4019 319 4082 ipso
341 4035 390 4082 pro
417 4033 443 4066 se
468 4017 552 4073 elicta;
579 4019 619 4066 vel
644 4020 726 4067 aliud:
744 4033 810 4066 nunc

264 4100 318 4163 ipse
343 4099 500 4148 fulciendum
525 4104 561 4150 est
581 4101 657 4148 verbo
671 4099 808 4148 damnatur.

297 4177 368 4228 Adeo
384 4180 489 4230 uirtutes
506 4177 591 4228 iisdem
608 4179 755 4242 temporibus
768 4196 809 4242 op·

265 4259 320 4306 time
353 4261 532 4320 aestimantur,
567 4259 653 4323 quibus
681 4259 809 4325 facillime

263 4339 403 4401 pipnuntur.
429 4343 513 4392 Nimis
534 4341 685 4391 rhetoricum
703 4347 739 4390 est
755 4355 809 4390 senv

263 4420 366 4480 tentius,
391 4423 448 4481 vel,
475 4426 495 4472 si
511 4423 583 4472 malis
600 4429 670 4472 acute
686 4423 764 4481 dicte,
782 4421 808 4470 in

859 865 931 915 initio
953 867 1031 916 libelli
1053 867 1164 917 historici
1181 881 1313 928 exponere.
1334 868 1411 916 Talia

859 954 929 1007 sunt,
955 954 1052 1011 praeter
1076 949 1135 1005 hoo,
1156 943 1259 996 Scilicet
1284 947 1327 996 illo
1352 949 1410 1011 ipsse

858 1036 904 1078 cet.
934 1026 1062 1078 Tardiara
1086 1037 1142 1078 sunt
1166 1030 1274 1080 remedia
1298 1039 1345 1080 eet.
1364 1033 1409 1082 Li·

858 1111 925 1170 vius,
950 1125 1101 1176 quamquam
1126 1111 1179 1173 ipse
1204 1113 1235 1160 ab
1252 1119 1342 1161 ornatu
1359 1115 1408 1163 isto

858 1205 909 1240 non
935 1192 1043 1250 alienus,
1070 1193 1096 1242 in
1114 1193 1218 1241 exordio
1234 1195 1315 1256 operis
1331 1195 1408 1258 longe

858 1271 990 1334 ampliore,
1015 1274 1112 1335 persius
1137 1273 1202 1322 lecit.
1228 1274 1286 1322 Duo
1307 1282 1408 1326 tantum

857 1352 999 1401 huiusmodi
1024 1354 1090 1404 dicta
1114 1355 1141 1402 in
1166 1369 1196 1404 eo
1217 1357 1337 1418 reperies:
1357 1365 1408 1404 tum

858 1441 883 1480 et
899 1433 943 1481 lsec
955 1442 1039 1497 pentes
1053 1435 1323 1499 lumanaepatiantur‚
1334 1451 1407 1498 quam

858 1513 986 1578 imperium
999 1515 1145 1578 patiuntur,
1163 1524 1201 1576 et,
1219 1525 1310 1580 quanto
1324 1532 1407 1564 rerum

858 1595 948 1654 minus,
975 1603 1043 1643 tauto
1068 1596 1146 1644 miuus
1171 1595 1319 1660 cupiditatis
1340 1606 1405 1646 erut.

860 1675 945 1738 Atque
961 1690 991 1724 ea
1007 1676 1034 1723 in
1052 1677 1128 1725 Livio
1143 1691 1215 1736 vera,
1225 1683 1406 1740 etargumanto

859 1763 915 1818 apta
932 1763 997 1806 suut.
1017 1758 1085 1806 Vide
1101 1774 1133 1807 an
1151 1765 1175 1807 et
1191 1759 1218 1806 in
1237 1759 1326 1807 Tacito
1342 1759 1406 1808 haec

859 1837 997 1886 sententia:
1020 1836 1133 1888 Virtutes
1152 1837 1281 1902 facillime
1304 1839 1405 1902 pipenn-

860 1925 900 1966 tur
924 1917 951 1966 in
975 1917 1058 1968 liberis
1080 1919 1228 1968 ciuitatibus.
1248 1920 1349 1967 Tacitus
1366 1935 1405 1968 co·

859 1999 921 2060 gitat
958 2000 1062 2047 liberum
1095 1999 1222 2048 civitatem
1255 1999 1404 2048 Romanam.

860 2079 973 2128 Historia
996 2080 1109 2129 omnium
1133 2086 1273 2143 temporum
1289 2087 1405 2141 testatur,

858 2161 885 2208 in
912 2175 942 2208 ea
963 2161 1067 2210 virtutes
1083 2176 1140 2210 raro
1164 2161 1257 2223 optime
1273 2160 1350 2210 tuisse
1367 2175 1405 2210 aa

858 2241 978 2288 stimatas.
998 2241 1069 2301 Quae
1093 2242 1195 2292 caussa?
1214 2243 1322 2300 invidia,
1339 2257 1405 2292 com·

859 2337 927 2369 mune
948 2321 1013 2370 illud
1029 2323 1119 2386 paruis
1140 2322 1281 2385 mapnisque
1298 2324 1405 2372 ciuicam

860 2403 903 2450 bus
926 2403 1024 2460 uitium,
1051 2417 1110 2466 ergo
1127 2410 1151 2452 et
1168 2403 1297 2452 Romanae
1313 2406 1405 2463 veteri,

860 2483 886 2530 in
907 2497 955 2545 qus
972 2484 1076 2532 virtutes
1092 2485 1185 2547 optime
1203 2485 1404 2534 aestimabantur.

860 2563 931 2612 Haec
955 2565 1080 2626 quomodo
1104 2566 1267 2624 conveniant,
1292 2581 1345 2614 non
1369 2565 1406 2614 in-

858 2645 953 2706 telligo.
971 2644 1008 2692 Ut
1025 2645 1068 2693 illu
1085 2647 1116 2695 de
1132 2648 1259 2695 communi
1274 2647 1336 2695 vitio
1351 2661 1405 2709 spu·

858 2725 896 2772 ria
920 2739 974 2774 esse
999 2727 1152 2788 suspicabar,
1177 2728 1213 2775 ita
1229 2727 1290 2774 baec
1306 2741 1406 2790 quoque

858 2820 912 2856 esse
928 2807 1044 2870 suspicor.
1064 2807 1194 2856 Sententia
1210 2807 1322 2864 disticha,
1331 2814 1403 2869 puto,

858 2889 884 2936 in
909 2889 1022 2950 margine
1047 2889 1148 2951 scripta,
1175 2889 1261 2952 quales
1277 2889 1406 2937 interdum

858 2969 923 3030 apud
953 2967 1076 3018 Senecam
1105 2970 1279 3028 inveniuntur,
1305 2975 1405 3018 auctore

857 3064 909 3097 non
934 3050 1070 3099 nominato.
1098 3049 1163 3099 Sunt
1180 3050 1271 3100 senarii
1287 3051 1403 3099 iambici:

859 3127 950 3179 lisdem
978 3131 1083 3180 uirtutes
1113 3131 1274 3178 aestimantur
1304 3130 1403 3194 optime.

859 3209 952 3264 Quibus
967 3212 1100 3274 pipuurstur
1117 3211 1263 3274 temporibus
1266 3210 1403 3274 facillime.

859 3293 910 3351 Qut
939 3307 1024 3340 versus
1053 3307 1086 3340 ex
1115 3293 1228 3352 margine
1252 3293 1279 3340 in
1304 3298 1404 3340 textum

857 3375 994 3433 transtulit,
1024 3375 1087 3422 bene
1115 3373 1256 3435 praeposuit
1281 3371 1342 3420 adeo
1359 3387 1403 3421 no·

856 3461 911 3502 tum
940 3454 1136 3516 epiphonematis
1164 3453 1278 3511 initium,
1303 3453 1344 3502 vel
1369 3467 1404 3502 ex

858 3537 945 3594 Livio,
969 3535 1012 3596 qui
1037 3535 1063 3582 in
1089 3533 1192 3582 exordio
1218 3533 1401 3582 Historiarum:

857 3614 919 3662 adeo
945 3621 1035 3677 quanto
1060 3629 1141 3662 rerum
1166 3614 1256 3670 minus,
1275 3621 1343 3662 tanto
1360 3615 1402 3662 mi·

856 3713 902 3743 nus
919 3695 1066 3759 cupiditatis
1083 3703 1145 3742 erut.

890 3773 927 3824 At
943 3791 1004 3822 nunc
1021 3773 1402 3824 narraturomilri.1tainutro-

856 3870 904 3919 que
931 3857 1014 3904 Vatic.
1041 3855 1150 3904 Mutavit
1173 3853 1271 3902 Puteol.
1296 3862 1325 3901 at
1340 3855 1401 3903 utilit

856 3953 925 3985 rzunc.
952 3937 993 3984 Ita
1016 3942 1163 3998 aeceperunt
1183 3937 1244 3983 olim
1261 3935 1400 3984 senarium:

858 4015 951 4071 Quibus
971 4016 1098 4080 facillime
1121 4017 1261 4080 pipnuntur.
1279 4012 1316 4062 As
1332 4015 1400 4064 milri.

856 4097 909 4146 Sed
924 4099 951 4146 in
967 4104 1020 4146 tota
1035 4097 1187 4160 praefatione
1194 4103 1232 4144 tot
1239 4111 1325 4145 versus
1334 4105 1400 4156 sunt,

855 4179 895 4227 vel
919 4179 1046 4227 levissima
1069 4179 1259 4242 transpositione
1279 4179 1355 4235 fiunt,
1373 4186 1401 4226 ut

855 4274 954 4321 prorsus
962 4260 1085 4318 nesciam,
1094 4261 1154 4322 quid
1163 4273 1192 4308 ea
1200 4261 1232 4309 de
1247 4267 1275 4308 re
1292 4265 1400 4308 statuen-

855 4340 915 4388 dum
921 4341 960 4389 sit.
972 4340 1078 4401 Quintil.
1087 4347 1116 4388 ut
1124 4341 1175 4388 iarn
1183 4341 1246 4398 dixi,
1256 4340 1318 4388 lust.
1328 4338 1400 4388 Orat.

857 4419 906 4470 IX.
917 4422 1045 4484 praecipit:
1062 4418 1164 4468 Versum
1172 4421 1198 4468 r'n
1207 4420 1385 4480 orationesteri
1393 4459 1399 4478 ,
