3074 5310
668 515 839 563 scurcoar.
1258 499 1318 566 l67

172 685 326 752 heredem
362 686 499 774 optimae
540 687 627 753 uxori
653 698 686 751 et
710 685 867 774 piissimae
890 683 974 749 filiae
1000 683 1219 753 Domitianum
1244 695 1320 756 sori-

172 792 260 880 psit,
294 790 446 856 laetatum
481 813 555 856 eum
591 791 678 861 velut
711 790 831 854 honore
865 787 1058 877 iudicioque.
1106 791 1186 857 'lam
1223 817 1318 861 coeca

173 909 207 961 et
242 908 389 985 corrupta
419 918 508 961 mens
544 895 672 962 assiduis
708 893 942 984 adulationibus
970 906 1056 973 erat,
1082 913 1117 961 ut
1140 899 1316 966 nescireta

131 1027 134 1032 ·
174 1000 260 1064 bono
284 1013 376 1090 patre
403 1023 467 1064 uon
492 1001 585 1065 scribi
607 999 757 1066 heredem
780 999 840 1063 nisi
863 998 983 1062 malurn
1006 1000 1193 1092 principem.

223 1104 335 1170 XLIV.
369 1104 469 1170 Natus
505 1117 572 1173 erat
606 1104 752 1194 Agricola
778 1103 855 1170 Gaio
879 1103 1009 1172 Caesare
1033 1105 1163 1170 tertium
1187 1109 1317 1175 consule

175 1208 284 1276 Idibus
319 1209 438 1282 Iuniis;
474 1209 604 1278 excessit
629 1221 742 1298 quarto
765 1220 799 1278 et
822 1209 1084 1298 quinquagesimo
1110 1232 1205 1288 anno,
1229 1211 1318 1282 deci.

173 1337 228 1384 mo
251 1313 407 1384 Kalendas
435 1313 636 1404 Septembres
659 1314 785 1402 Collega
809 1312 979 1400 Priseoque
1003 1313 1195 1380 consulibus.
1223 1317 1319 1402 Quod

174 1419 201 1484 si
225 1419 369 1485 habiturn
394 1441 521 1509 quoque
541 1421 607 1486 eins
627 1419 744 1516 posteri
767 1439 896 1482 noscere
908 1417 1027 1495 velint,
1042 1416 1207 1484 decentior
1220 1444 1318 1511 quarn

173 1646 255 1705 linus,
281 1645 350 1700 Hist.
374 1646 397 1700 1.
415 1650 456 1700 85.
481 1645 517 1696 Ut
533 1661 648 1710 quemque
665 1661 722 1696 aaa·
767 1644 833 1698 siem
848 1659 908 1708 pree
923 1659 950 1696 se
967 1645 1320 1714 ierrsposset.1ntelligeigt

173 1727 235 1778 aare
250 1728 329 1793 seme
346 1727 484 1787 attulisset,
502 1727 607 1778 animant
622 1723 723 1780 saitem·
768 1731 809 1778 tur
841 1738 899 1778 eum
924 1725 1003 1778 animi
1025 1723 1133 1778 habitum
1159 1726 1320 1798 (stimmung)

173 1825 221 1872 que
245 1808 368 1867 conrasi,
393 1825 422 1858 ae
447 1806 568 1858 dissidere
594 1807 676 1858 dubiis
693 1822 723 1858 aa
768 1806 836 1860 uude
860 1805 904 1859 alii
928 1805 1047 1869 suspicari
1071 1815 1186 1868 possent,
1204 1825 1262 1860 sum
1278 1814 1321 1862 do·

170 1904 264 1952 param
286 1887 395 1952 paudere
416 1889 548 1954 prosperis
568 1888 723 1942 viderentsre
769 1887 823 1938 lore
838 1887 960 1950 percitum
975 1886 1057 1936 θεᾶσθ’
1074 1888 1199 1940 Putabam
1214 1891 1321 1944 hobitum

172 1970 664 2026 illiraveramntabnntanimumeteam
671 1970 723 2022 aui·
769 1967 845 2020 animi
867 1981 921 2020 esse
937 1981 1007 2026 eam,
1023 1982 1100 2033 quem
1116 1969 1217 2023 animus
1232 1986 1320 2022 rorare

171 2064 217 2100 mo
241 2051 352 2110 snitum,
379 2052 511 2101 sumebant
526 2052 625 2104 vultam
638 2051 724 2102 animo
768 2049 852 2102 hebet.
877 2049 976 2100 Veram
999 2048 1202 2109 dissimulamus,
1228 2051 1320 2106 falsum

172 2143 320 2192 congraum.
331 2128 726 2194 AeeePtin.1spist.v11.1.Ad
769 2131 923 2182 simulamus.
941 2129 994 2190 Qui
1009 2129 1122 2181 habitum
1138 2146 1198 2194 prae
1214 2147 1240 2182 se
1257 2135 1319 2196 fort,

173 2212 346 2270 abstinentiam
361 2229 462 2272 rursus,
480 2228 526 2268 non
538 2211 723 2266 assuescendo
768 2225 815 2264 nee
839 2211 992 2271 dissimulat,
1009 2224 1056 2260 neo
1073 2212 1186 2271 simulat,
1202 2216 1247 2264 sed
1263 2231 1319 2279 pro·

173 2291 210 2342 od
232 2291 363 2352 detineam,
388 2293 493 2345 enimam
508 2293 646 2356 coitumque
662 2308 722 2344 com·
767 2293 864 2352 fitense,
889 2292 971 2356 qualis
995 2292 1035 2344 sit.
1061 2293 1130 2356 Ergo
1159 2293 1320 2347 Domitianus

170 2373 254 2438 pessi.
273 2374 364 2437 Aequo
381 2375 466 2427 auimo
482 2376 543 2434 tuli,
560 2375 635 2439 idque
651 2375 723 2428 vultu
767 2388 827 2438 prae
850 2388 878 2428 se
894 2373 959 2428 ferre
975 2373 1081 2424 debebat
1098 2373 1204 2424 annam
1221 2376 1318 2428 laetam

172 2456 325 2518 significavi,
342 2458 409 2521 quod
424 2456 722 2512 medicimihibalineum
768 2453 800 2508 G.
824 2455 855 2506 F.
883 2453 1073 2506 Schoemaunus
1091 2457 1158 2517 apud
1174 2456 1319 2510 Fallitasch.

172 2537 359 2596 dissuadebant.
384 2537 441 2588 Iani
466 2536 535 2590 dolor
561 2543 598 2589 est
620 2536 722 2588 affectus
770 2535 860 2596 «Quid
885 2536 993 2599 apertius
1010 2549 1063 2584 esse
1079 2541 1173 2599 potest,
1190 2554 1279 2603 quam,
1296 2543 1319 2591 si

173 2619 260 2676 animi.
288 2617 403 2681 Speciem
427 2619 535 2678 dolens,
552 2620 638 2672 fictum
654 2618 721 2672 dolos
767 2617 836 2680 quis,
861 2629 939 2680 qnam
961 2617 1046 2668 auimo
1062 2632 1114 2667 non
1131 2619 1229 2680 doleat,
1245 2623 1318 2672 vultu

171 2715 238 2760 reus,
255 2715 386 2765 possumus
402 2688 462 2763 prae
478 2700 551 2754 nobis
567 2699 721 2760 sensualia,
767 2705 852 2750 tamea
876 2697 984 2760 speeiem
1007 2697 1100 2748 doloris
1115 2715 1175 2763 pras
1191 2715 1217 2751 ae
1235 2703 1318 2765 lbrst,

171 2783 244 2838 vultu
267 2783 390 2847 profiteri,
407 2783 491 2844 polam
507 2783 650 2840 ostendere;
667 2795 721 2850 spe·
766 2779 840 2830 buiris
864 2780 1018 2832 conbanem
1035 2781 1119 2831 animo
1134 2783 1234 2833 ruitum
1251 2799 1317 2845 esses

171 2863 233 2912 ciem
257 2862 361 2915 delentis
384 2871 518 2922 ostentare,
543 2869 572 2918 ut
596 2869 633 2916 est
655 2864 721 2926 apud
766 2875 827 2911 nem
851 2861 936 2912 animo
960 2860 1054 2919 laetus,
1080 2862 1152 2912 vultu
1169 2865 1246 2914 tristis
1263 2874 1317 2932 eet,

172 2944 244 3000 Curi.
271 2945 307 2998 X.
326 2951 350 2994 a.
368 2946 454 2997 sedin
472 2945 553 3008 specie
569 2946 668 2997 enimus
685 2949 722 2996 est
766 2943 850 2992 vultus
866 2941 967 2992 tristitie
982 2941 1061 2992 animi
1076 2943 1199 2992 laetitiam
1215 2947 1318 2996 celatso

170 3027 253 3076 vultui
277 3027 374 3090 dispar,
391 3027 475 3080 vultos
491 3026 606 3078 dissentit
620 3026 652 3078 sb
668 3025 720 3077 eni·
766 3022 913 3073 mammet.
948 3021 982 3072 m
1006 3026 1105 3079 nmen,
1130 3024 1174 3085 qui
1199 3026 1234 3074 sio
1259 3027 1318 3083 tione

171 3123 222 3164 mo.
241 3107 375 3168 Quomodo
390 3107 433 3158 hio
448 3106 527 3162 ocimo
540 3105 722 3169 anitaqasoon·
765 3104 852 3162 vulta,
868 3117 918 3166 quo
935 3100 968 3152 sit
983 3101 1068 3152 animo
1085 3103 1318 3164 dissimulat,hnno

171 3189 243 3252 iungi
258 3190 367 3251 possint,
385 3187 720 3241 etsimnlatasdolorsnimo
764 3201 817 3236 non
842 3184 924 3236 solum
947 3182 1032 3241 vultu,
1058 3184 1102 3232 ssd
1127 3185 1204 3234 etiam
1229 3190 1317 3240 animo

170 3269 304 3333 praeferri,
321 3275 374 3318 tam
390 3269 489 3319 difficile
505 3268 573 3322 dicta
585 3274 720 3332 ost,qnam
765 3265 858 3317 doloris
874 3263 983 3328 speciem
990 3277 1050 3327 pree
1059 3278 1085 3314 se
1094 3263 1158 3314 ferre
1167 3267 1278 3318 dieamus
1284 3269 1316 3320 12³²

171 3351 245 3401 facile
261 3351 323 3415 quid
339 3352 371 3400 sit
388 3351 522 3404 Latinum:
540 3365 596 3399 nc.
614 3365 721 3400 sermons
766 3347 840 3399 Idem
860 3347 946 3397 laudat
962 3345 1131 3396 coniecturam
1147 3351 1316 3400 sermoaevul·

767 3437 854 3490 tuque,
873 3432 898 3476 ot
915 3427 1046 3476 confirmat
1061 3425 1117 3476 loco
1135 3426 1317 3494 Taciti,supra

766 3522 839 3575 abme
855 3509 939 3558 allato.

805 3585 878 3638 Velut
903 3587 991 3638 boam
1011 3585 1158 3650 iudicioque.
1178 3588 1262 3642 Acuta
1278 3595 1316 3644 di.

171 3432 302 3496 vultuque,
320 3430 404 3487 taetro
417 3431 544 3494 vultuque,
561 3430 666 3496 speciem
684 3439 719 3480 te-

172 3529 224 3570 men
239 3512 343 3567 doleatis
359 3511 435 3563 animi
450 3511 519 3562 valta
532 3527 599 3576 prae
615 3527 641 3560 se
655 3509 719 3560 totis.

172 3595 290 3649 Fottasse
314 3601 398 3644 autem
422 3594 513 3646 frustra
538 3594 664 3656 explicere
679 3592 721 3643 rel

172 3679 306 3731 emendare
321 3689 453 3734 conamur,
469 3675 537 3738 quod
554 3679 590 3724 est
603 3673 720 3736 glossato-

172 3774 237 3813 rum.
255 3758 336 3816 Sane,
352 3757 420 3820 quod
436 3756 539 3806 Tacitus
546 3755 721 3814 volebat,bre·

172 3842 237 3892 viter
254 3847 279 3890 et
294 3839 422 3903 perspicue
439 3837 721 3900 significatusoitevee

171 3924 223 3974 bis:
241 3920 344 3986 speeiem
361 3926 439 3972 tamea
455 3917 547 3970 dobras
560 3933 626 3983 prae
641 3933 668 3966 se
685 3925 721 3966 ta·

173 4005 212 4067 lit,
220 4017 322 4055 securus
330 3999 447 4060 temerii,
456 4007 480 4048 et
489 3997 722 4063 qaisociliasds'ssi·

172 4079 722 4148 sociaretpoudiumqaammetam.Aunotsvit

169 4165 295 4218 'Wexium
316 4163 389 4212 nHoo
404 4162 460 4211 loco
477 4161 553 4216 etism
570 4159 668 4211 animas
678 4161 721 4210 sli-

172 4248 232 4312 quid
258 4251 308 4304 est,
325 4245 393 4308 qnod
409 4243 538 4293 affectatur
554 4243 587 4290 ad
603 4242 720 4297 simulen-

172 4331 233 4380 dnm
258 4328 376 4378 dolorem.
404 4323 445 4375 Sit
468 4323 545 4387 igitur
568 4313 668 4372 nedesse
685 4328 722 4375 est

172 4408 262 4472 aliquis
286 4407 357 4472 quasi
378 4412 473 4468 gestas,
492 4418 542 4469 qno
559 4403 651 4457 doloris
668 4417 721 4468 spe

766 3676 841 3722 ctum.
865 3671 926 3733 Ipsa
941 3674 1090 3720 testamenta
1105 3670 1259 3723 vocabantur
1276 3675 1316 3724 te·
1403 3686 1405 3689 ·

766 3768 809 3803 aes
823 3758 848 3803 et
864 3749 991 3802 iudicium:
1008 3749 1040 3802 ef.
1059 3751 1169 3804 Tennul.
1186 3754 1219 3804 ad
1235 3754 1315 3804 Fron.

765 3835 812 3887 tin.
839 3833 948 3896 Strateg.
972 3832 1027 3883 II'I.
1056 3836 1094 3882 16.
1112 3838 1137 3882 st
1154 3832 1265 3884 Gronov.
1281 3839 1315 3886 ad

768 3917 857 3968 Iuntin.
875 3915 909 3966 V.
930 3918 969 3964 il.
988 3913 1067 3964 Tasta
1086 3912 1181 3964 Annal.
1200 3915 1254 3964 ΙΙΙ.
1274 3918 1314 3966 76.

772 3995 950 4049 Testamentum
974 3993 1026 4046 sius
1046 3993 1120 4044 multo
1137 3995 1315 4061 opadoalqam

766 4094 862 4131 ramore
881 4076 953 4140 fait,
979 4073 1039 4138 puio
1063 4075 1089 4124 in
1104 4075 1199 4137 mopnis
1214 4077 1314 4142 opibus,

767 4175 820 4212 sust
838 4159 924 4222 serrae
949 4165 1047 4206 enectos
1068 4170 1186 4218 proceres
1207 4173 1260 4208 cem
1276 4157 1317 4208 lion

766 4256 824 4289 aare
838 4237 996 4296 nominasset,
1018 4235 1148 4287 Caesarem
1164 4237 1253 4288 omisit.
1278 4240 1318 4290 Ue

766 4313 843 4382 igisu'r
856 4323 1005 4370 testamenta
1019 4319 1099 4368 libera
1110 4319 1237 4381 republica
1245 4329 1318 4372 erent

765 4401 845 4454 bonas
863 4405 887 4450 st
903 4399 1036 4460 iudicium,
1053 4400 1089 4448 ita
1106 4413 1172 4450 nuuc
1189 4405 1270 4455 metas
1287 4417 1317 4454 es
