3134 5310
654 507 833 556 scutrum.
1275 498 1314 561 15

163 695 238 748 tum
265 680 427 748 Securius
464 679 614 769 publicu,
647 678 700 744 sed
730 680 829 768 ipsius
861 680 926 745 toti
960 675 1110 745 fiduciam
1148 703 1185 746 ec
1220 680 1317 746 robur

165 788 369 866 assumserit,
404 797 518 851 nature
550 797 657 850 temen
676 785 869 854 infirmitatis
902 786 1061 852 humanae
1083 786 1222 852 tardiora
1243 799 1317 852 sunt

167 893 309 962 remedio
341 915 436 981 quem
469 891 573 970 maln;
608 902 640 955 et
670 902 706 955 ut
738 915 869 982 corpore
907 904 1012 958 nostre
1035 892 1120 958 lente
1145 905 1317 982 augescunt

169 1001 234 1065 cito
265 989 529 1086 exstinguuntur,
565 996 610 1060 sic
640 996 766 1084 ingenie
791 997 958 1088 studiaque
983 1001 1171 1087 oppresseris
1194 999 1317 1064 facilius

172 1199 232 1236 mus
247 1185 280 1234 sd
297 1193 385 1234 tamea.
404 1184 477 1245 Quos
493 1186 633 1236 cretionem
642 1187 722 1235 Pane
765 1185 846 1250 piiccs
870 1199 952 1235 rerum
968 1186 1128 1238 humanarum
1144 1199 1231 1245 casus,
1249 1184 1315 1234 coelo

169 1268 287 1332 gyruum
307 1267 392 1315 minus
414 1266 578 1325 dedecerent,
603 1268 722 1316 dedecent
769 1274 886 1330 terraque
907 1266 1028 1332 prodipia
1053 1275 1077 1316 ct
1093 1266 1229 1332 fulminum
1245 1267 1317 1315 moni-

169 1345 353 1410 praefationem
368 1345 547 1408 perititiam,
564 1347 591 1395 in
608 1349 723 1410 querito
770 1353 809 1396 tus
838 1356 863 1396 et
880 1350 1029 1412 suturarum
1057 1347 1209 1412 praesepia,
1235 1345 1318 1407 iaetu¹

170 1427 224 1475 viri
237 1427 379 1476 excellentis
391 1432 514 1475 narretur.
528 1427 614 1476 Nerva
627 1434 652 1476 et
662 1428 722 1476 'lis
770 1429 869 1489 tristia,
886 1430 1008 1495 cmoipua,
1025 1430 1172 1493 manifesto.
1191 1425 1249 1476 Nec
1257 1427 1319 1476 caim

171 1509 260 1566 ianus,
281 1523 325 1571 pro
340 1509 446 1557 consilio
464 1508 558 1567 Taciti,
575 1510 636 1558 satis
652 1515 723 1559 erent
769 1526 874 1573 uuquam
903 1510 1068 1560 amacioridus
1096 1508 1188 1575 populi
1211 1507 1320 1558 Rauraci

170 1590 277 1639 leudoti.
311 1589 379 1638 Laus
413 1590 466 1638 istis
498 1590 581 1638 verbis
606 1603 723 1655 expresso
768 1591 892 1652 cluditur,
915 1592 1041 1658 mayisque
1065 1591 1139 1641 iustis
1159 1589 1259 1640 iudiciis
1275 1603 1319 1654 ap·

172 1685 321 1735 quamquam
335 1671 417 1735 prium
433 1695 468 1706 -
484 1668 574 1718 Nerua
595 1668 723 1720 Traianus
765 1673 898 1737 probatum
923 1681 973 1732 est,
1002 1689 1047 1721 moa
1072 1687 1125 1722 esse
1152 1686 1227 1720 curae
1253 1668 1319 1719 Deis

173 1753 283 1802 breviter
299 1752 723 1817 etelegentercomplectitur,quso
770 1753 926 1802 securitatem
955 1761 1080 1813 nostram,
1112 1767 1164 1801 csse
1196 1752 1318 1802 ultionem.

173 1835 224 1883 dici
247 1839 363 1896 poterunt
387 1847 416 1881 sc
432 1833 563 1882 debebunt.
581 1833 671 1897 Neque
686 1834 723 1882 in·
771 1834 823 1882 Ubi
848 1835 973 1884 sententis
995 1835 1117 1898 postulet:
1143 1842 1251 1882 nostram
1268 1847 1320 1882 csse

173 1899 278 1978 telligoJ
301 1929 358 1972 cur,
380 1915 424 1978 qui
440 1915 594 1964 nominasset
610 1930 677 1979 spem
693 1930 724 1962 ac
771 1930 846 1964 aurae
871 1912 937 1964 Deis
953 1915 1124 1974 securitatem,
1142 1923 1250 1964 nostram
1268 1929 1320 1962 csse

173 2005 268 2055 uotum,
290 1997 382 2046 deiude
407 2011 474 2060 spem
498 1997 618 2046 omiserit.
638 1996 724 2044 Minus
770 1995 891 2044 ultionem
925 1995 1060 2058 Proesegie
1080 1996 1158 2054 lasso,
1181 2002 1321 2058 temporum

176 2079 280 2128 fortasse
301 2077 457 2128 offenderent
479 2077 514 2126 sic
530 2083 664 2140 concepto:
682 2091 725 2124 arc
766 2075 899 2140 felicitas,
914 2076 1004 2138 quibus
1023 2075 1320 2136 Taoitusscribebut,eu-

177 2173 236 2224 spes
258 2157 327 2207 mado
349 2173 380 2208 ac
396 2167 476 2206 uotum
492 2157 526 2206 sit
542 2157 665 2206 securitas
678 2171 725 2221 pu·
771 2157 843 2220 gorio
859 2161 884 2206 et
900 2161 959 2206 rote
975 2157 1065 2220 quibus
1083 2156 1321 2220 Agricoluetumioi

175 2239 258 2299 blica,
283 2238 328 2288 sed
349 2239 408 2304 ipsu
423 2239 479 2303 spei
494 2238 592 2302 votique
603 2236 726 2299 fiduciam
771 2237 937 2300 principatum
966 2233 1074 2286 iratam
1098 2237 1164 2286 inter
1181 2251 1207 2286 se
1225 2238 1320 2286 omine·

175 2320 347 2387 assumpserit.
384 2318 453 2370 Olim
477 2327 503 2369 et
527 2334 606 2383 nuper
627 2333 726 2383 quoque
772 2321 874 2378 buntur,
900 2320 1001 2378 docent,
1028 2331 1080 2368 uon
1097 2319 1177 2368 solem
1193 2317 1320 2377 ultionem,

176 2405 224 2452 sub
248 2401 395 2450 Domitiano
413 2401 441 2448 in
466 2402 575 2450 nummis
600 2406 626 2450 et
641 2401 726 2450 inscri-
771 2415 878 2463 poeusm
895 2399 1075 2459 Romanorum,
1093 2400 1154 2449 Deis
1171 2413 1320 2459 esseutiae,

175 2483 303 2548 ptionibns
312 2482 497 2544 exprimebatur
506 2481 628 2531 securitas
637 2488 727 2532 etvcto
772 2495 860 2530 verum
884 2481 960 2530 otium
985 2481 1149 2530 securitatem.
1177 2479 1241 2540 Sed,
1269 2481 1321 2530 sive

174 2581 226 2628 pro
250 2562 391 2612 securitate.
417 2562 529 2612 Frustra.
557 2562 620 2626 Spes
641 2568 726 2610 nostru
771 2562 942 2625 interpretatio
959 2563 1092 2612 Kritniene
1107 2563 1196 2612 melior
1212 2563 1322 2621 sit,sive

177 2652 204 2694 et
228 2651 286 2694 voto
302 2644 366 2694 nihil
383 2650 455 2692 erent
471 2645 520 2694 nisi
537 2659 594 2708 spes
611 2651 635 2692 ct
651 2651 726 2702 vota,
773 2657 830 2692 mes
853 2659 905 2692 non
926 2658 1026 2706 prorsus
1042 2645 1188 2704 reficiendo,
1204 2645 1321 2708 equidem

177 2740 307 2789 uunquam
322 2725 417 2774 fiebunt
433 2737 481 2773 res.
508 2725 584 2774 Nunc
602 2725 726 2774 Securitas
773 2730 798 2772 et
813 2725 862 2773 hoc
877 2725 949 2784 loco,
965 2731 994 2774 ut
1009 2739 1071 2774 mox
1087 2725 1114 2773 in
1132 2725 1200 2783 eliis,
1217 2740 1321 2774 menum

177 2807 253 2871 ipsa,¹
270 2807 727 2870 qussiprsesens‚essumsittiduciom
773 2806 940 2868 glossatomm
969 2805 1145 2870 corruptricem
1172 2807 1255 2870 potius
1280 2823 1321 2870 ug·

178 2888 233 2950 spei
257 2893 281 2936 ct
301 2888 376 2936 robur
392 2887 453 2936 voti.
476 2888 554 2935 Initia
570 2887 644 2936 huius
660 2888 726 2950 priu-
773 2902 857 2937 nosco.

178 2970 274 3031 cipetus
299 2968 449 3026 ostendunt,
474 2975 594 3031 quantum
610 2968 727 3018 fiduciam
813 2965 850 3016 Et
874 2977 902 3016 ut
927 2984 1034 3032 corporo
1059 2975 1145 3016 nostru
1169 2967 1232 3016 icate
1249 2983 1321 3031 anye-

179 3050 245 3112 spei,
269 3053 392 3112 quantum
414 3049 490 3096 robur
514 3051 566 3098 voti
587 3049 638 3098 iem
660 3063 727 3097 nuuc
773 3057 858 3107 scunt,
875 3049 924 3098 cito
950 3049 1144 3112 custiayuuatur.
1161 3055 1208 3096 cet.
1227 3049 1323 3098 Viden·

179 3130 327 3178 habeamus.
352 3128 474 3178 Securitas
504 3136 618 3188 tenetur,
650 3130 726 3178 edest.
774 3137 813 3178 tur
839 3130 938 3193 spurio,
956 3144 989 3178 ex
1006 3130 1119 3194 margine
1136 3137 1278 3194 assumpto,
1294 3131 1322 3180 in

181 3210 260 3260 audet
290 3209 399 3271 prodire,
430 3217 459 3259 ut
491 3211 518 3259 in
549 3211 651 3260 Horatii
669 3209 727 3260 Cer·
773 3225 823 3274 quo
852 3211 956 3261 iortssse
985 3217 1085 3262 notetus
1117 3217 1169 3261 eret
1194 3213 1321 3262 renerius:

180 3292 251 3340 mine
277 3289 414 3340 Seeculeri:
442 3288 498 3339 Iam
523 3289 601 3340 Fides
626 3300 651 3340 et
666 3290 728 3340 Pau
773 3300 907 3357 stupescunt
923 3309 1030 3358 corpora
1047 3293 1117 3353 laute,
1135 3292 1324 3356 custinpmmtur

181 3381 206 3420 ct
230 3370 319 3420 Houor
343 3369 480 3434 Pudorque
504 3369 625 3431 Priscus,
649 3381 673 3421 et
689 3388 728 3421 ue·
774 3375 943 3424 cito.1torum
959 3376 1099 3424 dicendum.
1115 3373 1211 3432 Oretio,
1219 3381 1244 3422 et
1252 3380 1324 3422 ceute

181 3453 263 3518 plecta
278 3451 362 3502 redire
387 3449 476 3502 Virtus
493 3451 591 3514 Audet,
609 3461 728 3518 apparet·
774 3455 852 3514 dicte,
876 3457 1089 3517 compererimus,
1115 3455 1180 3512 ulie,
1197 3461 1256 3502 sunt
1272 3469 1322 3502 em-

183 3549 229 3598 que
250 3535 324 3584 decta
336 3533 411 3598 pieac
433 3531 513 3596 Copia
529 3547 611 3582 cornu.
629 3532 729 3583 Assum·
775 3536 855 3598 plioro
878 3542 903 3583 et
928 3547 958 3584 eu
973 3537 1107 3584 verborum
1122 3535 1194 3598 copis
1210 3541 1235 3584 et
1251 3551 1322 3586 orne-

184 3616 231 3674 sit,
248 3615 347 3674 sumsit,
360 3623 389 3663 ut
406 3613 576 3662 Horatianum
593 3615 730 3678 quaesitam
776 3622 803 3664 tu
825 3615 1002 3675 effunduntur,
1023 3631 1087 3680 quoe
1105 3617 1221 3676 Tacitus,
1236 3629 1322 3681 quum·

182 3697 276 3746 meritis
297 3711 363 3746 sume
379 3695 526 3760 superbiam.
545 3694 610 3760 Spes
625 3703 652 3745 et
662 3696 729 3760 fidu·
776 3697 815 3744 vis
831 3697 944 3746 nondum
959 3698 1003 3761 qui
1019 3704 1105 3762 postes
1120 3699 1200 3747 iectus
1217 3705 1270 3758 est,
1283 3715 1322 3748 cs·

183 3777 730 3841 cioqusmseepeopponentur,uotum.Liv.
776 3777 860 3826 visset.
893 3774 1016 3826 Remedia
1039 3787 1095 3827 sunt
1120 3777 1234 3828 tardiora
1250 3797 1324 3844 quam

184 3859 272 3908 XLV.
291 3865 315 3908 8.
337 3857 441 3921 Copaita
454 3857 544 3922 popuii
560 3857 668 3910 Romani
685 3859 731 3909 cie·
777 3856 852 3906 moia.
883 3854 987 3921 Inpeuia
1011 3857 1143 3922 studiaque
1167 3863 1323 3924 oppresseris

183 3940 273 3989 mentio
297 3955 345 3988 aon
360 3937 428 3986 modo
445 3953 513 4002 spem
529 3938 577 3987 sibi
593 3939 639 3988 sed
650 3957 731 4005 prope
772 3937 897 4002 facilius,
924 3952 997 4000 quam
1021 3941 1186 4000 revocaveris,
1212 3942 1253 3990 hic
1277 3945 1323 3992 mi·

184 4028 276 4070 certam
286 4018 409 4082 fiduciam
425 4017 516 4067 salutis
529 4020 647 4089 praeiet,
658 4019 732 4070 Secu·
778 4020 846 4069 nime
871 4019 1012 4068 desiderunt
1036 4022 1259 4084 computationem,
1280 4038 1323 4073 ue-

183 4101 249 4150 ritas
267 4100 370 4166 publica
387 4115 401 4148 u
416 4101 569 4164 principibus
584 4109 731 4165 preestetur.
778 4103 838 4150 dum
854 4101 889 4150 ite
905 4101 1093 4150 claudicantem.
1111 4102 1172 4151 Non
1189 4103 1257 4152 enim
1265 4119 1323 4154 oon·

185 4181 731 4243 divesturchcminisetctvisuomiutumuc,
777 4183 883 4232 veniunt
906 4181 1030 4246 eustiaqui
1054 4188 1079 4231 et
1099 4183 1254 4247 opprimere:
1271 4201 1323 4236 cor·

184 4264 245 4314 foris
268 4263 365 4312 nullum
387 4264 420 4310 eb
441 4262 513 4312 hoste
528 4265 665 4328 perieulum
681 4279 732 4314 me·
777 4277 823 4326 pus
853 4262 1012 4321 crstimtum,
1046 4268 1084 4312 est
1107 4269 1251 4326 mortuum,
1276 4284 1324 4319 nse

185 4352 266 4396 tuuut.
293 4346 358 4394 Eum
379 4345 537 4394 securitatem
555 4345 656 4394 Tacitus
672 4360 733 4410 quo·
778 4351 916 4392 revocatur.
934 4344 967 4392 In
983 4342 1323 4411 rmedtiscogitanturmctc,

185 4441 232 4491 qne
249 4427 341 4490 cogitat
358 4425 426 4476 Hist.
445 4426 467 4474 Ι.
486 4431 509 4474 3.
527 4423 637 4474 Praeter
653 4424 732 4474 multi·
778 4425 866 4474 morbi.
893 4425 968 4474 Vires
992 4427 1080 4478 morbo
1096 4443 1231 4493 oppressae
1246 4447 1324 4483 teme·
