3134 5310
679 492 855 540 rauracus.
1291 476 1331 538 57

183 663 356 755 Agricolae
381 665 414 728 in
435 661 570 751 praediis
594 663 657 726 suis
669 659 844 736 interiecit,
859 656 1050 747 praediaque
1062 658 1129 746 ipsa
1142 671 1174 724 et
1186 681 1334 748 magnam

181 769 369 860 patrimonii
400 779 521 858 partem
552 766 697 855 diripuit,
730 786 811 852 quae
832 785 940 828 caussa
964 763 1067 828 caedis
1091 763 1204 829 luerat.
1230 766 1331 853 igitur

184 875 226 939 ad
251 874 402 939 solemnia
428 873 552 960 pietatis
576 871 734 959 profectus
756 869 902 956 Agricola
924 869 1036 933 nuntio
1069 869 1205 934 affectati
1226 893 1244 933 a
1274 869 1335 936 Ve-

186 980 332 1068 spasiano
360 979 485 1066 imperii
514 976 727 1065 deprehensus
752 975 916 1038 aestatim
941 975 972 1038 in
998 985 1102 1062 partes
1127 987 1335 1063 transgressus

190 1098 250 1150 est.
297 1083 392 1148 Initia
415 1082 610 1171 principatus
646 1103 683 1144 ae
714 1090 830 1144 statum
865 1079 951 1143 urbis
988 1079 1153 1144 Mucianus
1183 1081 1334 1169 regebat,

188 1192 303 1254 iurene
337 1186 508 1258 admodum
545 1187 745 1264 Domitiano,
782 1197 813 1250 et
848 1206 884 1248 cx
905 1196 1036 1272 paterna
1058 1183 1184 1250 fortuna
1209 1197 1333 1250 tautum

186 1294 351 1358 licentiam
375 1303 559 1380 usurpante.
609 1291 638 1356 ls
661 1291 791 1354 missum
815 1289 854 1352 ad
878 1288 1018 1354 delectus
1042 1289 1177 1377 agendos
1203 1291 1335 1378 Agrico·

189 1399 257 1462 lam
282 1399 464 1484 integreque
496 1418 533 1460 ac
564 1408 690 1461 strenue
714 1406 871 1459 versatum
894 1394 1059 1459 vicesimae
1083 1394 1220 1481 legioni,
1246 1393 1334 1460 tarde

189 1502 230 1566 ad
262 1513 493 1566 sacramentum
522 1512 740 1589 transgressae,
765 1498 964 1588 praeposuit,
998 1499 1053 1563 ubi
1084 1497 1228 1564 decessor
1253 1498 1333 1565 sedi·

188 1609 267 1672 tiose
301 1629 393 1694 agere
424 1605 632 1684 narrabatur3
669 1605 786 1693 quippe
815 1604 924 1691 legatis
956 1626 1083 1691 quoque
1115 1605 1333 1672 consularibus

188 1712 287 1776 nimia
312 1734 349 1776 ac
373 1710 574 1775 formidolosa
598 1722 677 1787 erat,
703 1731 762 1774 nec
786 1709 907 1798 legatus
931 1709 1105 1796 praetorius
1130 1709 1167 1774 ad
1182 1709 1333 1778 cohiben-

186 1904 259 1940 verse
276 1891 312 1938 sic
329 1889 488 1939 iudicandam
505 1904 558 1938 esse
575 1903 672 1939 censeo.
708 1887 737 1936 Si
782 1889 869 1937 lastico
892 1889 1032 1936 doctrinam
1055 1895 1191 1947 ostentare,
1209 1895 1250 1948 et,
1267 1892 1334 1938 nacti

185 1971 349 2034 perspicuitas
379 1971 571 2032 explicationem
595 1970 738 2018 huiusmodi
782 1970 886 2018 lectores
909 1969 989 2027 viros,
1012 1970 1100 2017 doecre
1116 1970 1260 2018 viderentur
1275 1985 1333 2033 pue·

186 2052 309 2114 postulet,
334 2065 386 2098 non
403 2057 441 2098 est
457 2065 501 2098 cur
517 2050 633 2114 exempla
648 2051 738 2098 habea·
783 2063 832 2098 roa.
867 2050 956 2110 Longe
981 2049 1079 2098 diversa
1101 2057 1138 2098 cst
1154 2051 1218 2099 ratio
1234 2051 1265 2100 in
1278 2067 1331 2114 cap.

186 2146 243 2181 mus
260 2138 381 2195 suspecta.
417 2132 448 2179 In
465 2131 509 2189 iis,
526 2145 590 2195 quae
608 2131 737 2178 Dronlaius
784 2135 824 2178 22.
850 2143 928 2192 usque
953 2131 985 2178 ad
1006 2127 1130 2191 Tannum,
1148 2131 1275 2180 aestuario
1292 2147 1331 2179 no-

187 2212 272 2272 affert,
297 2213 406 2276 postulat
432 2211 528 2260 Annei.
556 2211 607 2259 XI.
628 2215 665 2258 1³.
685 2210 735 2258 XI.
782 2226 834 2258 men
851 2218 895 2259 est.
930 2211 1030 2260 Nomen
1047 2213 1138 2276 quippe
1152 2219 1177 2262 et
1194 2213 1331 2276 inregione

185 2298 228 2342 ³0.
246 2294 315 2342 Hist.
335 2294 373 2340 ΙΙ.
391 2299 416 2341 4.
436 2293 472 2340 II.
492 2297 531 2340 2³.
551 2292 604 2340 111.
625 2293 735 2339 15.111.
782 2294 899 2351 barbare,
926 2299 950 2341 et
972 2309 1102 2357 nunquam
1119 2301 1193 2344 antea
1209 2297 1329 2345 auditum.

185 2379 227 2423 21.
255 2375 309 2422 111.
336 2379 378 2422 24.
405 2373 459 2421 III.
486 2377 526 2422 45.
553 2373 606 2420 ΙΙΙ.
626 2375 665 2421 47.
684 2373 734 2420 IV.
783 2374 867 2433 Quare
892 2374 953 2432 iata,
979 2383 1107 2438 tamquam
1131 2375 1267 2437 glossema,
1290 2377 1330 2424 de·

186 2460 228 2504 1⁵.
247 2455 344 2519 Siquis
361 2456 410 2504 ista
426 2453 554 2516 inspiciat,
571 2452 677 2510 videbit,
695 2452 735 2500 val
780 2455 856 2503 londa
872 2468 924 2502 esse
941 2455 1031 2504 iudico.

184 2551 287 2598 prorsus
311 2549 363 2584 esse
380 2535 531 2592 noceasana,
549 2534 602 2592 vel,
620 2533 651 2580 iis
668 2534 735 2581 dem·
815 2534 925 2584 Matrem
950 2533 1093 2599 Agricolae.
1129 2534 1194 2586 Cum
1211 2551 1262 2586 non
1280 2538 1329 2586 elia

184 2617 249 2681 ptis,
268 2616 508 2665 sententiamrerum
518 2615 579 2664 adeo
592 2616 734 2671 obscuram,
780 2622 860 2664 mater
875 2631 951 2680 quam
969 2617 1104 2680 Agricolae
1121 2618 1198 2680 possit
1215 2619 1328 2681 cogitari,

184 2704 214 2746 ut
230 2698 277 2746 vix
292 2696 501 2760 intelligipossit.
535 2696 735 2744 lamvidendum
781 2712 841 2746 nam
857 2698 888 2746 de
904 2704 984 2747 matre
1000 2699 1087 2748 uxoris
1104 2700 1209 2748 dixisset
1227 2716 1329 2760 socrum,

184 2793 219 2828 an
250 2779 410 2842 perspicuitas
434 2777 476 2826 hic
500 2777 603 2826 omnino
627 2776 735 2840 postulet
780 2775 915 2841 Agricolae
945 2780 1027 2830 aliena
1051 2795 1128 2830 manu
1154 2781 1266 2830 additum
1291 2796 1329 2829 su·

184 2859 346 2924 parenthesin
363 2857 485 2922 Liguriae
498 2873 564 2921 para
581 2866 625 2905 est.
657 2858 735 2920 Ligu·
780 2860 867 2922 spicor.
887 2860 973 2924 Atque
989 2859 1037 2909 hcc
1054 2863 1150 2924 saepius
1159 2863 1255 2911 accidit.
1269 2863 1328 2912 Fre-

184 2943 225 2991 ric
238 2942 291 2990 iam
307 2956 328 2989 a
349 2945 395 2988 132
413 2939 512 3002 penitus
528 2940 637 2988 subacto.
672 2939 735 2986 Pars
779 2955 859 3003 quens
881 2941 995 3004 repetitio
1021 2948 1058 2990 est
1082 2943 1193 3004 ingrata,
1218 2944 1240 2992 si
1260 2957 1328 3005 prae-

185 3023 242 3072 eius
275 3021 406 3083 praecipua
439 3020 579 3078 Intemelii,
604 3021 664 3068 urbs
689 3019 735 3068 Al·
781 3022 866 3069 sertim
882 3036 934 3068 non
950 3023 1096 3070 necessaria.
1115 3024 1184 3085 Ergo
1198 3025 1329 3086 scriptores

187 3103 263 3150 bium
279 3101 451 3159 Intemelium,
462 3101 581 3150 Straboni
590 3107 649 3150 uota
658 3097 736 3156 πόλις
780 3103 896 3161 vitarum,
909 3109 1031 3166 quantum
1046 3103 1206 3166 perspicuitas
1222 3104 1328 3166 patitur,

188 3179 358 3244 εὐμεγέθης.
375 3183 474 3231 Tacitus
491 3183 735 3232 Hiat.II.13.nar·
782 3185 883 3234 evitant.
911 3185 994 3234 Testis
1011 3185 1161 3234 Plutarchus
1179 3193 1204 3236 et
1219 3188 1260 3238 vel
1278 3189 1328 3239 Ne·

185 3271 227 3315 rat
250 3264 340 3312 milites
358 3263 514 3313 Othonianos
530 3264 579 3311 iras
596 3263 621 3311 iu
637 3264 736 3312 manici·
781 3281 839 3330 pos,
856 3281 1008 3330 quamquam
1025 3268 1056 3315 ab
1073 3267 1186 3317 Aemilio
1203 3269 1287 3319 Probo
1301 3271 1328 3320 in

182 3347 257 3412 pium
280 3342 379 3394 Albium
396 3343 549 3393 Intercatiam
565 3343 677 3392 uertisse.
695 3345 736 3392 De
782 3349 957 3411 compendium
972 3349 1093 3398 redactur.

186 3427 294 3490 Liguria
317 3427 381 3474 nihil
406 3426 481 3474 addit.
516 3425 639 3483 Romani,
662 3427 736 3488 paulo
816 3427 955 3492 Profectus
983 3425 1112 3492 Agricola.
1147 3428 1199 3476 Hic
1231 3443 1329 3493 quoque

184 3507 358 3565 humaniores,
376 3503 461 3569 (rudes
476 3507 604 3556 literarum
621 3507 737 3555 Tacitum
781 3511 908 3573 proprium
930 3523 1022 3557 nornen
1047 3509 1151 3559 minime
1168 3509 1327 3562 desideratur.

186 3604 240 3638 non
264 3589 391 3650 legebant)
416 3588 527 3650 plerique
547 3588 615 3636 haud
639 3588 735 3649 ignora
783 3593 839 3640 Ima
847 3591 945 3664 ,melius
962 3591 1065 3640 abesset.
1086 3605 1088 3610 ·

186 3672 261 3726 bont,
278 3683 354 3732 quam
370 3669 499 3731 regionem
515 3669 613 3731 imperii
628 3670 736 3717 Inteme-
823 3671 872 3722 Udi
888 3670 1001 3720 decessor
1017 3672 1133 3722 seditiose
1150 3687 1224 3738 ogere
1241 3689 1328 3723 narra-

185 3751 215 3798 lii
240 3750 385 3799 incolerent.
422 3749 473 3809 Qui
498 3749 604 3798 nesciret
628 3755 653 3797 et
674 3750 736 3798 scire
782 3755 862 3803 batur.
897 3754 969 3804 Haec
993 3755 1055 3804 mihi
1079 3756 1153 3804 udde
1173 3757 1278 3804 obscum
1293 3757 1328 3805 vi·

185 3831 277 3888 vellet,
301 3831 436 3893 quaerebat
460 3831 500 3880 vel
521 3831 548 3878 in
565 3829 635 3878 libris
651 3832 693 3880 vel
709 3833 735 3880 in
781 3837 879 3885 dentrrr.
913 3836 1035 3884 Decessor
1061 3835 1208 3898 Agricolae,
1233 3835 1329 3897 legatus

185 3912 279 3962 tabulis
295 3911 473 3974 geographicis.
508 3910 566 3960 Hae
581 3917 652 3960 erant
664 3927 736 3976 saepe
781 3916 918 3979 praetorius
942 3916 1049 3979 legionis
1071 3917 1203 3964 vicesimae
1228 3916 1255 3963 in
1273 3916 1329 3966 Bri·

186 3993 214 4042 in
231 3993 324 4055 pariete
332 3993 426 4056 pictae,
437 3999 466 4041 ut
474 3998 562 4041 notum
570 4007 603 4041 ax
613 3993 736 4053 Varrone,
764 3998 880 4058 tannia,
898 3999 1043 4046 narrabatur
1060 4011 1133 4060 agere
1145 3997 1329 4056 seditiose,nce

186 4081 212 4124 et
239 4074 265 4122 in
290 4074 455 4132 membranis,
477 4074 562 4137 quales
579 4089 637 4122 cum
653 4089 736 4124 secum
781 4085 869 4140 potens
894 4084 947 4126 erat
961 4078 992 4125 ad
1008 4079 1173 4128 cohibendam
1189 4078 1327 4139 legionem,

184 4155 356 4205 circumferret
381 4155 476 4204 Metius
501 4156 695 4219 Pompusianus,
722 4173 737 4206 a
782 4160 886 4208 nimiam
903 4173 932 4206 ao
948 4158 1134 4208 formidolosam
1150 4172 1249 4221 quoque
1262 4159 1329 4222 lega·

185 4237 335 4286 Domitiano
359 4237 503 4286 interfectus
528 4243 577 4294 est,
600 4244 628 4286 ut
653 4246 736 4287 namot
781 4240 813 4286 tis
830 4239 999 4288 consularibus
1006 4261 1012 4296 ;
1030 4252 1076 4288 nec
1093 4239 1328 4299 constabat,ut1um

187 4317 293 4368 Sueten.
320 4318 415 4367 Domit.
445 4323 482 4367 10.
519 4319 640 4368 Historici
661 4321 735 4383 igitur
780 4322 876 4383 legatus
893 4320 1029 4382 praetorius
1047 4335 1097 4369 non
1114 4327 1197 4383 posset
1213 4321 1328 4372 cohibere

146 4455 149 4464 Ι
184 4399 247 4448 talin
269 4414 320 4448 non
344 4399 514 4462 explicabant,
532 4415 564 4451 ne
581 4415 650 4452 more
667 4403 735 4454 seho·
780 4409 879 4466 proptor
910 4416 982 4454 suum
1006 4401 1083 4467 ipsius
1108 4402 1250 4466 ingenium,
1276 4419 1327 4453 non
