3134 5310
260 509 299 570 16
676 518 832 565 CORNELII
857 518 969 566 tatttt'l

256 715 351 783 quam
384 692 586 758 revocaveris.
613 688 705 756 Subit
730 689 846 778 quippe
870 691 965 756 etiem
989 691 1085 780 ipsius
1108 690 1240 758 inertiae
1265 692 1407 762 dulcedo

254 811 285 864 et
308 798 407 862 inrisa
430 797 533 885 primo
557 795 674 861 desidia
697 805 855 883 postremo
880 807 1015 863 amatur.
1044 795 1153 881 Quid?
1177 797 1282 888 siper
1306 803 1406 889 quin.

252 1045 313 1105 dds,
339 1045 397 1096 licet
417 1043 510 1104 tardis,
536 1046 564 1094 iu
581 1057 668 1106 corpus
684 1057 801 1092 revocan·
848 1055 1036 1105 componerem,
1070 1041 1135 1092 nihil
1168 1045 1220 1108 ipse
1244 1045 1271 1094 in
1294 1047 1402 1096 exordio

251 1133 308 1185 tur,
334 1126 470 1175 exstinctae
496 1126 523 1174 in
549 1139 638 1187 corpus
656 1124 801 1173 exstinctam
847 1135 1009 1186 praemonere
1032 1123 1125 1183 voluit,
1151 1123 1202 1174 uisi
1227 1125 1275 1175 hoc
1299 1143 1400 1178 uuum:

252 1221 304 1255 non
325 1211 481 1256 revocantur.
508 1206 586 1255 Recte
603 1206 702 1255 Plinius
720 1206 799 1269 Epist.
847 1201 890 1252 Ne
924 1204 980 1267 qaia
1008 1204 1123 1263 miretur,
1150 1221 1194 1252 ear
1219 1221 1280 1255 acac
1305 1207 1401 1256 demam

253 1288 307 1336 ΙΙΙ.
332 1293 370 1338 18.
388 1289 419 1338 da
436 1288 549 1338 eratione
565 1301 610 1336 aua
627 1287 799 1350 Panegyrico,
847 1282 877 1331 de
901 1284 955 1332 vita
980 1292 1004 1332 et
1028 1284 1134 1334 maridas
1167 1283 1303 1351 Apricolae
1320 1305 1396 1354 aepo-

251 1385 343 1432 quam‚
360 1370 387 1418 in
405 1376 492 1419 senatu
513 1369 637 1427 habitam,
655 1368 741 1417 amicis
757 1367 799 1415 ila·
846 1365 943 1414 aocrim.
974 1363 1109 1430 Tempore,
1128 1365 1215 1427 credo,
1230 1368 1286 1417 iare
1299 1383 1398 1419 occaso.

252 1451 388 1513 gitantibns
425 1463 523 1514 quoque
556 1449 690 1498 recitabat:
732 1444 800 1496 Mitt
845 1443 944 1494 Inertia
966 1452 991 1494 et
1008 1445 1106 1496 desidio
1122 1449 1400 1511 nonitadiiiernnt,ut

252 1531 314 1580 lanc
336 1531 447 1580 bonorem
464 1529 571 1580 traditam
584 1538 683 1594 putem,
700 1545 733 1577 aa
749 1535 798 1576 ata·
844 1525 885 1574 hic
905 1527 1012 1575 videon.
1048 1525 1158 1577 Decidio
1174 1531 1258 1594 paullo
1275 1531 1331 1594 plus
1349 1538 1396 1582 est.

253 1611 320 1661 diis?
346 1610 437 1661 stadiis
462 1611 540 1671 malo,
568 1626 631 1674 qaae
652 1625 734 1674 prope
759 1624 797 1656 ec·
846 1607 897 1657 Sed
922 1609 992 1657 nullo
1015 1609 1066 1658 fine
1092 1611 1123 1659 ab
1149 1610 1242 1660 inertia
1258 1618 1396 1675 separatur.

252 1693 344 1742 attacta
376 1695 529 1757 resecentur.
569 1693 627 1740 Hoc
653 1690 720 1738 aliud
745 1695 798 1748 eat,
846 1687 912 1738 Sunt
936 1691 1068 1753 contiguae
1090 1697 1114 1740 et
1131 1692 1229 1740 co'e'unt.
1249 1692 1300 1753 Qui
1318 1695 1397 1742 sensit

251 1788 328 1838 quam
369 1773 490 1822 exstincta
531 1780 685 1821 revocentur.
733 1769 799 1820 Sunt
845 1770 1003 1819 dulcedinem
1027 1772 1148 1830 inertiae,
1173 1773 1212 1821 illi
1229 1773 1326 1822 desidio
1342 1775 1397 1824 iam

252 1857 301 1904 alia
317 1857 344 1904 in
369 1861 454 1904 nostro
478 1856 564 1904 libello
589 1865 719 1918 perversae
744 1853 799 1900 imi·
845 1867 896 1900 ucn
918 1858 955 1900 est
977 1851 1071 1911 invisa,
1089 1867 1140 1901 non
1154 1854 1236 1918 primo
1253 1855 1282 1904 fit
1298 1855 1395 1916 inviso,

251 1937 365 1997 tationis,
391 1952 405 1986 e
427 1937 513 1986 Plinio
540 1939 644 1995 ductae,
667 1934 790 1997 exempla.
845 1933 889 1980 sed
910 1933 998 1997 priua,
1025 1939 1082 1982 ante
1099 1934 1257 1984 dnlcedinem
1273 1937 1394 1995 inertiae,

252 2019 368 2082 Ingenia,
385 2019 472 2067 studiis
497 2019 635 2082 oppressis,
652 2017 799 2066 hebetantur
845 2020 897 2062 erat
913 2015 1002 2062 invisa.
1030 2015 1132 2063 Tacitus
1149 2016 1302 2078 scripsisset:
1321 2015 1395 2066 Subit

239 2083 277 2148 ¹et
301 2099 457 2162 franguntur.
501 2100 603 2148 Tacitus
627 2099 743 2147 universe
764 2098 799 2146 lo·
846 2095 938 2160 quippe
964 2096 1037 2145 etiam
1062 2097 1143 2160 ipsias
1168 2097 1274 2146 inertiae
1291 2098 1394 2150 dulcedo

251 2181 335 2244 quitur
359 2181 390 2229 de
406 2178 516 2243 inperiis.
540 2179 639 2242 Cogitat
655 2179 799 2227 facultatem
846 2185 869 2225 et
886 2177 966 2226 incisa
979 2178 1068 2242 priua,
1082 2186 1206 2243 postremo
1224 2187 1330 2230 emetur.
1341 2181 1393 2232 Sed

252 2261 395 2310 scribendae
411 2261 530 2308 historiae
584 2257 696 2324 Opprimi
713 2266 737 2306 et
760 2274 798 2306 err-
845 2273 920 2321 quam
944 2259 1061 2308 inertiam
1077 2266 1102 2308 et
1118 2259 1240 2310 desidiam
1256 2263 1394 2325 cogitemus

252 2341 357 2406 stiapui,
383 2339 507 2404 eratinpaa‘
531 2345 555 2389 et
580 2339 688 2405 opprimi
709 2340 736 2387 in
750 2339 799 2386 alia
844 2340 893 2388 uisi
910 2353 1010 2400 eorum,
1027 2341 1070 2404 qui
1087 2342 1118 2389 dc
1134 2341 1393 2392 clariavirisseribere

249 2423 409 2486 metaphora,
434 2436 458 2470 v.
481 2437 502 2470 o.
521 2423 552 2471 ab
568 2422 684 2471 incendio
701 2426 800 2483 sumpta
844 2422 987 2483 potuerint?
1014 2423 1082 2485 Ergo
1107 2428 1132 2472 et
1148 2423 1209 2471 alios
1227 2428 1251 2471 et
1268 2437 1294 2472 ae
1310 2424 1394 2486 ipsum

251 2505 444 2567 coniunguntur.
479 2505 537 2552 Tali
571 2503 733 2566 Metaphorae
757 2501 799 2549 hic
844 2502 947 2552 inertiae
973 2508 997 2552 et
1018 2504 1128 2553 desidiae
1144 2509 1250 2553 accusat.
1270 2504 1393 2565 Quamvis

251 2599 303 2633 non
328 2590 366 2634 est
389 2585 466 2633 locus.
492 2584 582 2647 Neque
602 2584 628 2632 in
645 2583 799 2631 revocaveris
845 2583 912 2632 enim
937 2585 1031 2644 dicere,
1049 2599 1113 2648 quae
1128 2585 1185 2648 quis
1202 2584 1320 2644 sentiret,
1339 2601 1391 2635 non

252 2672 301 2725 est,
326 2666 467 2729 quodcum
484 2672 618 2730 capescant
634 2670 796 2727 comparetur.
843 2663 947 2724 licebat,
964 2666 1042 2714 literis
1059 2674 1084 2716 at
1100 2667 1187 2714 studiis
1204 2679 1306 2728 operam
1322 2667 1391 2726 dare,

256 2744 368 2810 Corpore
407 2745 469 2794 lente
507 2753 640 2809 capescant
674 2745 797 2807 siguificat
844 2746 949 2795 scribere
979 2761 1078 2810 quoque
1107 2747 1212 2807 licebat,
1238 2749 1313 2796 modo
1338 2763 1392 2797 non

251 2834 375 2885 crescant,
400 2827 496 2876 maiora
511 2829 587 2886 fiunt,
604 2827 655 2876 fere
671 2832 700 2874 ut
716 2826 797 2874 Hora·
844 2827 934 2876 ederet.
959 2829 992 2876 Et
1007 2829 1056 2876 hoc
1074 2829 1175 2876 Tacitus
1193 2829 1246 2877 aine
1263 2829 1339 2877 dubio
1356 2829 1391 2878 le-

251 2908 299 2956 tius
316 2909 347 2956 de
364 2907 430 2956 fama
448 2908 637 2966 Marcellorum,
655 2921 719 2971 quae
733 2921 796 2954 cres·
843 2909 890 2967 cit,
916 2923 944 2958 ac
969 2924 1012 2973 per
1037 2909 1179 2968 silentium,
1196 2924 1248 2958 non
1265 2923 1309 2972 per
1325 2910 1391 2958 iuer·

250 2988 298 3048 cit,
323 2986 390 3038 velut
414 2989 501 3049 arbor,
527 3005 587 3038 aevo
610 2987 711 3038 occulto.
746 2987 797 3036 Hic
843 2989 905 3038 tiam
929 2997 954 3039 et
975 2991 1095 3040 desidiam
1112 2991 1286 3040 Domitianum
1303 2991 1390 3039 evasit.

249 3069 796 3135 postulaturar'rescorporisleateaapeacant.
845 3071 978 3134 Agricola,
1004 3087 1025 3120 c.
1052 3077 1100 3132 42,
1125 3073 1253 3130 laudatur,
1278 3073 1345 3135 quod
1362 3072 1390 3120 in

284 3148 388 3213 Iaqeaio
409 3151 541 3214 studiaque
557 3150 720 3216 oppresseris.
755 3147 796 3197 In·
843 3155 961 3218 obsequio
987 3159 1011 3202 et
1034 3156 1169 3214 modestia,
1195 3154 1343 3202 industriam
1360 3167 1391 3201 ac

247 3231 334 3294 penio,
359 3245 423 3294 quae
447 3231 489 3279 hio
513 3233 666 3294 cogitantur,
692 3231 796 3293 cogitari
842 3235 955 3296 vigorem
980 3235 1095 3283 servavit.
1132 3235 1200 3296 Quid
1225 3232 1389 3297 impediebat,

248 3327 300 3360 nou
325 3317 428 3374 possunt
453 3313 507 3361 sinc
532 3313 626 3362 studiis.
654 3312 693 3360 Ea
709 3311 795 3360 studiis
841 3317 974 3378 quominus
999 3317 1147 3364 industriam
1164 3329 1193 3363 ac
1208 3315 1321 3377 vigorem
1338 3327 1389 3363 sar·

248 3392 401 3454 formantur,
427 3395 582 3443 excolantur.
609 3392 698 3441 Studia
728 3392 795 3456 prius
840 3403 928 3444 varam
946 3396 1047 3445 Tacitus
1062 3403 1086 3445 et
1100 3397 1228 3460 aequales,
1243 3396 1388 3459 quibnahoc

248 3476 409 3539 opprimenda
426 3483 492 3525 suut.
511 3471 762 3538 Legam:atadicque
771 3480 795 3521 et
840 3477 920 3526 multo
945 3477 1040 3526 facilius
1064 3478 1163 3537 babeat,
1188 3491 1265 3541 qnam
1282 3476 1388 3539 Agrico-

247 3556 354 3620 iapenia.
390 3555 502 3618 Sulpicia
525 3557 600 3605 Satio.
629 3559 659 3604 at
686 3556 718 3603 de
743 3553 793 3604 Do·
839 3560 878 3607 lae
911 3559 976 3608 fnit?
1010 3559 1061 3608 Hic
1085 3559 1162 3622 igitur
1187 3559 1213 3606 in
1239 3557 1289 3606 suia
1313 3558 1388 3606 rebus

246 3637 351 3685 mitiano
382 3636 426 3699 qui
457 3634 493 3684 Et
526 3637 611 3686 studia
645 3645 668 3685 et
694 3635 792 3700 sepiens
839 3641 955 3689 inertiam
978 3646 1002 3689 et
1025 3641 1146 3689 desidiam
1162 3641 1262 3698 oderat,
1282 3639 1400 3687 Tacitus-

246 3716 363 3764 dominam
386 3731 515 3779 nomenque
537 3731 673 3780 penusque,
710 3715 793 3766 Omnia
839 3727 863 3770 et
880 3721 922 3770 alii
938 3722 965 3769 in
983 3721 1033 3768 auis
1050 3735 1133 3770 amare
1149 3720 1293 3769 didicerant.

246 3797 315 3845 obire
325 3798 503 3861 foroa,atqae
519 3797 790 3848 orbeencederer'ueait.
874 3798 956 3856 Quid?
982 3801 1005 3850 ai
1023 3815 1072 3864 per
1089 3799 1225 3865 qaindecim
1241 3815 1325 3849 canos.
1343 3801 1386 3848 In-

280 3875 351 3928 Sabit
376 3879 469 3944 quippe
488 3879 567 3928 etiam
589 3880 670 3944 ipsios
686 3881 791 3929 inertiae
837 3882 911 3944 genia
928 3888 953 3930 et
969 3882 1051 3930 studia
1066 3889 1196 3945 propterea
1212 3896 1311 3945 quoque
1320 3883 1386 3944 apud

245 3959 354 4010 dulcedo.
389 3962 455 4010 Tota
479 3960 612 4023 disputatio
637 3962 668 4009 de
684 3961 790 4020 caussis,
837 3975 882 4010 nos
908 3976 937 4010 eo
962 3963 1084 4012 difficilius
1105 3965 1300 4021 revocabuntur,
1318 3965 1386 4026 quod

244 4056 287 4090 eur
312 4041 413 4104 ingenia
437 4041 566 4105 studiaque
582 4042 659 4090 semel
675 4055 791 4106 oppressa
836 4043 922 4102 multi,
951 4057 1057 4106 quorum
1087 4058 1162 4106 opera
1185 4050 1210 4093 et
1241 4044 1386 4106 exemplum

243 4137 295 4171 non
325 4122 398 4172 facile
433 4127 594 4181 revocentur,
624 4124 656 4171 ab
687 4125 789 4173 exordio
836 4136 888 4172 esse
904 4129 1018 4186 poterant
1033 4125 1173 4184 utilissima,
1182 4124 1333 4183 interim,nt
1341 4125 1384 4184 fit,

243 4203 317 4252 huius
341 4203 420 4253 libelli
445 4204 527 4254 aliena
554 4210 599 4252 est.
627 4203 656 4253 Si
674 4205 790 4254 Tacitum
835 4204 927 4252 mortui
950 4212 1021 4266 sunt,
1043 4206 1087 4254 alii
1102 4205 1239 4264 interlecti,
1256 4206 1328 4268 pauci
1344 4219 1384 4255 su·

243 4284 365 4346 cognovi,
391 4291 416 4333 et
440 4291 481 4344 ut,
507 4285 589 4349 quoad
613 4285 667 4334 fieri
691 4292 788 4350 posset,
835 4286 947 4347 perstites
964 4292 1035 4346 sunt,
1053 4301 1103 4334 nou
1121 4286 1196 4334 modo
1213 4286 1326 4345 illorum,
1340 4288 1383 4335 sad

242 4377 429 4427 cognoscerem,
460 4373 541 4416 totum
571 4366 653 4415 denuo
680 4368 787 4431 perlegi,
835 4365 910 4414 etiarn
932 4367 984 4426 sui,
1001 4367 1092 4430 partim
1108 4380 1192 4426 sanes,
1209 4368 1300 4430 partim
1318 4373 1382 4416 aeta-

243 4452 315 4496 antea
343 4461 419 4510 quam
446 4447 490 4498 has
524 4459 591 4496 meaa
616 4450 788 4498 annotationes
834 4447 891 4498 tatia
908 4448 959 4498 iam
974 4462 1049 4513 prope
1067 4454 1176 4498 exactae.
