3130 5308
666 531 845 580 raulcone.

1283 521 1323 580 77

176 708 290 774 durius
324 703 513 770 consuleret.
564 702 675 768 Missus
711 702 807 789 igitur
831 703 994 770 Petronius
1020 700 1223 790 Turpilianus
1246 714 1329 766 tam·

178 835 280 902 quam
314 807 502 876 exorabilior
537 821 569 872 et
599 807 720 872 delictis
750 807 889 873 hostium
913 828 1012 872 notus
1036 828 1137 894 eoque
1161 807 1323 894 poeniten·

177 919 243 984 tiae
279 916 405 991 mitior,
442 913 620 1002 compositis
643 911 799 999 prioribus
822 913 902 978 nihil
926 913 1009 1004 ultra
1033 933 1144 990 ausus,
1170 909 1328 978 Trebellio

182 1144 268 1192 uerius
289 1157 390 1208 pegma,
413 1155 486 1204 quam
509 1137 585 1198 inita,
605 1137 631 1186 in
642 1139 736 1202 jupam

182 1231 328 1272 auerterunt
344 1222 455 1271 classem.
474 1220 555 1269 Tacit.
573 1218 669 1267 Annul.
684 1219 735 1267 VI.

182 1309 227 1354 23.
253 1301 285 1352 Si
309 1317 380 1350 arma
405 1303 436 1350 ab
462 1298 553 1349 Seiano
575 1306 734 1348 tentarentur.

182 1385 260 1434 Idem
285 1382 405 1447 experiri.
431 1382 500 1432 Hist.
519 1381 568 1430 IV.
586 1385 627 1428 20.
645 1377 736 1428 Fortu-

182 1481 240 1514 nam
262 1462 357 1528 proelii
374 1461 537 1527 experiretur.
572 1462 604 1510 In
623 1461 736 1510 tentanti-

182 1547 228 1595 bus
253 1560 325 1594 arma
347 1543 476 1609 plerisque
499 1557 535 1605 sq.
554 1557 640 1592 caussa
656 1541 736 1591 reddi-

181 1634 239 1686 tur,
270 1641 315 1674 cur
346 1625 480 1674 Britannia
508 1631 560 1673 tam
588 1624 639 1671 cite
662 1623 737 1672 unius

181 1707 276 1772 proelii
290 1706 393 1756 fortuna
407 1707 486 1756 veteri
500 1705 635 1769 patientiae
651 1704 684 1754 sit
699 1719 736 1754 re·

184 1789 281 1838 stituta.
316 1788 447 1851 Plerique,
465 1787 508 1850 qui
524 1794 584 1835 tunc
600 1801 670 1834 arma
683 1791 736 1834 ten·

182 1871 287 1927 tabant,
312 1874 383 1918 erant
407 1869 524 1926 rebelles,
550 1868 610 1930 quia
632 1881 665 1916 ex
681 1881 735 1929 pro-

181 1949 270 2000 vincia
285 1951 407 2001 Romana.
426 1948 478 1999 Sed
494 1949 568 1997 multi
583 1961 681 2012 qnoque
698 1961 736 1996 ae·

181 2036 312 2082 cesserant
335 2044 370 2080 ex
391 2031 535 2094 regionibus
551 2029 663 2078 nondum
680 2029 735 2076 sub·

183 2114 263 2168 ectis5
280 2127 340 2160 nam
356 2111 465 2160 uniuersi
479 2108 734 2172 ballumsumpserant.

183 2195 223 2244 Hi
232 2209 284 2243 uon
294 2199 365 2242 mant
372 2191 486 2250 rebelles,
494 2192 608 2253 sedatos
617 2189 736 2238 eonscien-

183 2275 224 2324 tia
241 2273 391 2338 defectionis
407 2280 431 2320 et
444 2272 551 2336 propior
569 2286 599 2319 err
616 2269 696 2334 lepato
706 2269 734 2318 n·-

180 2371 236 2404 mor
261 2355 384 2420 apitabat.
410 2351 525 2402 Rebelles
546 2367 598 2400 non
615 2351 658 2399 diu
674 2365 734 2414 pug-

181 2437 289 2486 nabant.
323 2435 386 2484 Post
408 2435 464 2484 leve
480 2441 605 2484 cunamen
623 2447 651 2484 se
667 2433 734 2482 dodi-

182 2518 291 2573 derunt,
308 2515 395 2577 agitati
410 2515 562 2564 conscientia
571 2520 734 2577 etmetupro-

182 2597 258 2662 piore
273 2596 355 2658 legati.
391 2597 461 2646 Hinc
478 2597 525 2646 iste
541 2609 619 2659 pavor
635 2601 661 2644 et
677 2609 734 2644 con·

183 2677 312 2726 sternatis.
347 2675 461 2726 Rubellio
479 2683 516 2726 est
530 2677 665 2739 flagitium,
684 2689 734 2725 soe·

182 2759 233 2808 lus.
267 2757 355 2808 Scelus
380 2757 548 2820 Saguntinum
565 2758 647 2822 opilat
664 2759 734 2806 Han·

182 2839 295 2888 nibelem
312 2839 380 2901 apud
388 2839 445 2888 Lis.
456 2838 535 2888 XXI.
546 2844 587 2887 41.
599 2839 684 2900 Quare
693 2854 736 2888 aec

183 2919 278 2969 domm
294 2934 338 2967 nee
351 2920 465 2984 patriam
481 2920 570 2968 uictam
578 2919 735 2985 respiciebat.

183 3001 302 3053 Rebelles
318 3000 402 3048 minus
410 3001 532 3050 timebant
545 3003 655 3064 legatum
663 3001 692 3053 in
699 3002 737 3050 in·

183 3083 242 3132 sala
266 3082 348 3130 Mona
373 3082 509 3131 absentem.
545 3084 631 3132 Metus
653 3083 736 3131 elon-

185 3164 285 3226 ginquo
300 3163 382 3210 minor
399 3168 449 3222 est,
466 3163 545 3211 maior
554 3163 580 3212 in
588 3163 736 3227 propinquo.

186 3243 268 3294 Silius
294 3243 343 3292 IV.
371 3246 425 3293 tra.
453 3241 506 3292 Sed
525 3244 632 3309 propior
661 3251 737 3292 metus

184 3323 281 3374 armati
298 3321 408 3372 ductoris
425 3323 456 3372 ab
473 3324 521 3372 ira.
541 3325 662 3373 Latinum
677 3341 736 3388 quo·

183 3420 235 3471 que
251 3410 305 3454 erat
316 3404 435 3468 :propius
453 3419 483 3452 eu
500 3404 580 3469 lepoto
598 3407 670 3456 timor
685 3407 738 3470 api·

184 3487 270 3545 tabat,
286 3493 315 3534 ut
330 3486 398 3534 idem
415 3484 492 3534 Silius
509 3487 531 3534 Ι.
541 3488 738 3546 eadeIunone,

184 3582 251 3632 quae
267 3569 370 3617 videbat
388 3567 516 3616 Romanos
532 3581 576 3630 per
590 3567 739 3617 victoriaset

184 3649 277 3698 classes
296 3648 444 3711 Carthagini
457 3649 513 3696 fieri
528 3649 671 3712 propiores:
683 3646 737 3696 Iam

181 3730 293 3796 propius
318 3737 433 3778 metuens.
469 3729 520 3778 Sed
536 3730 584 3779 hoc
602 3730 739 3779 sententiae

185 3810 737 3875 minuseccommodatum,quiarebellesab·

185 3897 285 3942 sentem
310 3891 421 3953 legatum
438 3907 492 3943 non
507 3893 542 3940 ita
559 3892 693 3952 timebant,
710 3899 739 3942 ut

185 3972 279 4022 timore
313 3971 490 4036 apitarentur;
534 3974 643 4037 alioquin
670 3989 739 4024 arma

186 4068 240 4102 non
266 4059 412 4102 tentassent.
448 4054 569 4102 Ernestus
594 4056 738 4118 interprete

186 4139 229 4183 tur
252 4133 374 4198 propius,
400 4135 494 4196 magis,
512 4136 606 4184 maiore
623 4138 739 4186 sollicitu-

187 4216 263 4275 dine,
288 4229 322 4264 ex
349 4213 423 4264 Ovid.
450 4215 556 4264 Metam.
579 4217 662 4266 XIII.
680 4223 738 4269 378.

193 4295 262 4346 Cura
287 4294 370 4344 Deam
391 4297 499 4360 propior
522 4297 647 4361 luctusque
664 4299 740 4348 dome·

188 4377 265 4426 stious
291 4378 368 4442 anpit.
403 4377 454 4428 Sed
478 4379 514 4428 ibi
536 4378 613 4427 luctus
631 4379 741 4431 domesti-

782 1139 830 1188 sibi
852 1139 957 1203 quisquc
982 1145 1019 1188 est
1042 1138 1187 1203 proximas,
1209 1137 1245 1186 ita
1258 1135 1331 1187 liberi

782 1227 806 1270 et
831 1221 929 1279 affines,
954 1220 1100 1283 propinqui,
1126 1222 1184 1268 stant
1196 1217 1332 1282 propiores

781 1317 857 1365 quum
874 1303 995 1351 extranei.
1014 1297 1126 1363 Propior
1144 1313 1206 1347 eura
1222 1297 1331 1360 primum

782 1383 905 1446 significat
934 1399 1020 1433 curam
1050 1382 1089 1432 rei
1111 1381 1278 1444 propinquae,
1302 1385 1331 1427 ut

782 1463 914 1528 lonqinquo
938 1481 999 1514 cura
1015 1464 1082 1528 apud
1099 1463 1157 1511 Liv.
1175 1460 1271 1510 XXII.
1289 1465 1330 1509 33.

781 1546 818 1594 rei
834 1551 953 1595 remotae.
971 1547 1041 1594 Hinc
1058 1558 1117 1595 cura
1129 1544 1209 1592 maior
1217 1543 1332 1593 minorve

782 1627 937 1690 intelligitur.
963 1625 1001 1676 As
1022 1627 1049 1676 in
1067 1625 1156 1675 Tacito
1172 1625 1240 1673 valet
1256 1623 1330 1687 signi·

781 1709 864 1758 ficatio
880 1709 1012 1772 propinqui
1027 1707 1077 1758 loci
1092 1707 1187 1770 magis,
1204 1719 1280 1770 quant
1294 1706 1331 1753 in·

781 1791 813 1840 de
830 1791 862 1838 ad
878 1790 992 1838 animum
1007 1787 1121 1838 deducta.
1147 1786 1263 1836 Ceterum
1279 1801 1331 1833 con·

782 1870 885 1919 scientia
910 1870 952 1919 hic
978 1870 1115 1918 Britannos
1140 1868 1229 1930 agebam
1254 1867 1287 1914 ad
1302 1866 1332 1914 ti·

781 1965 892 2010 morem,
918 1951 979 2000 alias
1005 1962 1080 2012 saepe
1104 1949 1136 1997 ad
1160 1947 1332 1996 fortitudinem

781 2049 815 2084 ex
839 2033 1018 2097 desperatione.
1045 2030 1103 2078 Liv.
1130 2027 1267 2078 XXXIV.
1291 2032 1332 2076 20.

780 2112 920 2162 Lacetanos
946 2127 998 2160 cum
1021 2109 1098 2160 insita
1108 2109 1210 2173 feritas
1228 2106 1331 2156 contine·

781 2195 823 2243 bat
847 2194 873 2243 in
897 2194 974 2242 armis
992 2201 1041 2242 tum
1058 2188 1206 2240 conscientia
1224 2187 1331 2253 depopu-

780 2275 885 2326 latorum
892 2275 1019 2324 sociorum.
1030 2275 1111 2324 Tacit.
1119 2271 1214 2321 Annei.
1222 2270 1331 2319 ΧΠ.91.

781 2351 1333 2417 Conscientiarebellionisetobseptiseffupiis,

780 2437 857 2486 multa
882 2446 906 2484 et
923 2437 995 2485 clara
1006 2435 1132 2499 facinora
1142 2434 1241 2497 fecere.
1267 2431 1332 2480 Mox

779 2520 907 2567 tentabam
919 2539 924 2566 :
935 2515 988 2566 Hic
997 2531 1068 2579 quum
1077 2513 1190 2578 eprepius
1199 2520 1289 2562 cetera.
1300 2512 1333 2562 In

780 2599 863 2648 Vatic.
890 2613 1056 2661 nequaquam,
1082 2596 1150 2645 unde
1175 2594 1274 2644 Puteal.
1293 2593 1332 2643 tte

781 2695 939 2743 quamquam,
957 2695 1004 2742 ego
1021 2677 1060 2727 ln‘c
1076 2693 1162 2740 quum:
1180 2677 1232 2725 sive
1242 2691 1332 2740 nequa·

782 2775 854 2824 quarn
870 2767 954 2809 ortum
971 2762 1002 2809 sit
1019 2774 1053 2809 ex
1068 2759 1135 2809 male
1150 2759 1255 2821 repetito
1272 2745 1331 2822 qui,

780 2843 834 2892 sive
854 2857 888 2891 ex
913 2841 1074 2891 annotatione
1091 2840 1264 2903 strperlineui,
1281 2857 1331 2905 qua

781 2923 903 2986 glossator
924 2922 1037 2986 eprepius
1054 2928 1137 2968 cetera
1154 2921 1331 2983 explicandum

782 3018 835 3053 esse
852 3003 1024 3052 arbitrabatur.
1043 3001 1112 3050 Illud
1130 3016 1276 3063 quamquam
1284 3003 1330 3050 mi·

781 3086 850 3134 nime
874 3083 1020 3147 requiritur,
1042 3095 1089 3131 nec
1106 3081 1198 3145 siquis
1215 3081 1277 3130 vitio
1294 3082 1331 3130 in·

780 3167 830 3215 sito
846 3166 954 3223 laboret,
971 3178 1018 3213 nec
1035 3164 1056 3212 si
1072 3163 1099 3211 in
1116 3177 1168 3211 una
1183 3176 1211 3211 re
1223 3164 1332 3226 quadam

783 3262 809 3298 se
833 3248 899 3296 male
924 3247 1035 3310 gesserit.
1062 3245 1120 3294 Liv.
1145 3245 1167 3293 l.
1194 3249 1234 3292 35.
1261 3242 1331 3310 Erpo

783 3329 874 3396 uirum,
892 3337 975 3376 cetera
996 3327 1125 3393 eprepium,
1143 3334 1241 3384 secuta,
1259 3343 1332 3388 quam

783 3411 809 3460 in
827 3408 932 3474 petendo
950 3409 1082 3465 babuerat,
1101 3406 1175 3454 etiam
1192 3414 1331 3469 reputantem

784 3491 883 3540 ambitio
900 3498 945 3538 est.
963 3490 1031 3538 Veli.
1048 3489 1146 3537 Patere.
1165 3487 1203 3549 11.
1221 3489 1262 3535 46.
1282 3484 1333 3542 Qui

783 3572 835 3630 uir,
861 3578 944 3618 cetera
968 3567 1148 3627 sanctissimus,
1174 3567 1333 3632 immunisque

783 3649 962 3716 voluptatibus,
977 3649 1003 3698 in
1015 3649 1124 3714 pecunia
1132 3664 1209 3712 neque
1217 3649 1242 3698 in
1249 3649 1333 3714 pluria

784 3730 976 3796 concupiscenda
1000 3731 1094 3780 modum
1118 3740 1199 3780 norat.
1217 3732 1255 3781 II.
1276 3737 1331 3781 119.

784 3813 820 3864 Ar
858 3811 927 3863 Vala
949 3811 1098 3873 Numerius,
1124 3811 1220 3876 lepatus
1251 3810 1333 3874 Vari,

784 3905 867 3945 cetera
876 3895 981 3958 quietus,
991 3893 1042 3944 diri
1050 3901 1137 3942 auctor
1145 3891 1331 3956 exemplatum

784 3979 875 4028 Heius.
885 3979 917 4026 ad
927 3976 1013 4027 Ovidii
1021 3977 1126 4026 Metam.
1135 3973 1186 4022 IX.
1198 3978 1237 4022 99.
1248 3978 1272 4021 et
1283 3971 1332 4022 On·

784 4061 859 4109 dend.
868 4059 900 4108 ad
908 4059 1002 4121 Appul.
1011 4059 1115 4107 Metam.
1126 4055 1187 4117 X.p.
1199 4056 1254 4104 704.
1266 4054 1334 4104 Tum

785 4143 951 4190 conlocaram:
970 4137 1037 4188 Suae
1052 4136 1220 4198 exercitusque
1229 4133 1335 4184 iniuriae

785 4221 858 4269 ultor.
877 4222 928 4269 Pro
945 4220 1045 4282 eiusque
1061 4218 1148 4282 scripsi
1156 4215 1335 4278 exercitusque,

786 4303 812 4349 in
844 4301 906 4350 Mes.
939 4300 1103 4362 cubitusque,
1133 4298 1201 4348 unde
1226 4296 1334 4361 eiusque.

788 4382 855 4431 Mire
886 4388 944 4430 sunt
974 4381 1122 4445 compendia
1149 4380 1283 4444 scripturae
1308 4381 1336 4428 in

190 4475 233 4508 cns
250 4461 343 4512 indicat
359 4461 420 4525 quid
436 4461 468 4509 sit
473 4461 588 4524 propior.
607 4461 644 4509 Ut
652 4476 742 4525 nempe
787 4463 883 4514 duobus
900 4463 1042 4526 Vaticanis,
1059 4461 1139 4526 magis
1157 4461 1259 4513 sortasse
1271 4463 1337 4511 mira
