3074 5310
596 1647 830 1707 '‘db‘-

177 1863 242 1930 Peg.
259 1871 284 1916 ³.
322 1863 391 1918 Vicit
409 1867 503 1920 vitium.
529 1867 612 1920 Sonus
637 1877 721 1922 tumen
737 1869 861 1924 ridebitur
876 1871 959 1924 minus
975 1873 1100 1939 mgrutur,
1116 1875 1138 1926 si
1153 1877 1275 1942 cogitetur

138 1950 243 2002 diverse
266 1953 391 2017 quentitse
412 1954 439 2004 iu
455 1955 542 2020 primis
558 1957 660 2021 syllubis
676 1957 809 2010 verborum
825 1956 883 2007 vicit
900 1965 924 2010 et
939 1959 1032 2010 vitium.
1066 1962 1155 2028 Neque
1171 1963 1275 2016 offendit

139 2037 248 2087 Livium
265 2038 354 2088 XLV.
370 2042 411 2091 st.
427 2040 491 2092 vitia
506 2041 581 2092 vitoe.
614 2043 736 2094 Horatius
751 2057 811 2094 vero
829 2043 904 2094 Sulis.
922 2046 945 2096 I.
961 2060 990 2096 ιι.
1004 2051 1045 2098 24.
1062 2048 1273 2113 reputavitsDum

136 2119 221 2171 vitant
236 2122 307 2173 stulti
321 2123 392 2174 uitia.

174 2294 207 2344 Ρ.
227 2300 267 2347 10.
300 2293 380 2346 Inviti
402 2296 548 2348 meminimus
572 2313 609 2364 sq.
631 2297 705 2351 Ouid.
723 2301 828 2352 Motum.
846 2302 912 2354 XII.
930 2307 987 2354 542.
1006 2301 1075 2359 Quid
1088 2320 1125 2354 me
1139 2304 1273 2357 meminisse

137 2381 260 2435 nanum
290 2382 375 2451 Ooqis,
401 2394 424 2436 et
440 2382 554 2436 obductos
570 2384 641 2436 annis
656 2387 794 2438 rescindere
810 2389 907 2440 lustust
925 2389 1006 2440 XIII.
1024 2395 1080 2441 280.
1098 2389 1144 2440 Me
1159 2392 1272 2442 miserum

138 2477 234 2533 quanto
255 2485 328 2535 coqor
343 2471 476 2521 meminisse
492 2469 575 2520 dolore
594 2468 723 2536 Temporis
738 2475 814 2526 illius.
831 2476 883 2527 Sed
898 2475 1008 2528 oblivisci
1023 2492 1074 2525 ιιοιι
1092 2483 1128 2526 est
1144 2477 1171 2527 in
1187 2484 1272 2529 nosue

136 2561 276 2620 potestate,
298 2562 326 2606 ut
343 2556 445 2609 Tacitus
460 2575 522 2610 mox
537 2561 604 2610 dicit.
640 2560 723 2622 Quare
740 2561 919 2613 Themistocles
935 2563 1062 2627 pollicenti
1077 2563 1176 2613 cuidem
1192 2578 1219 2614 se
1235 2579 1272 2614 sr-

136 2650 193 2693 tem
218 2643 242 2694 ei
266 2645 400 2696 memerito
424 2649 583 2708 traditurum,
608 2649 765 2713 respondisse
788 2648 889 2709 dicitur,
906 2648 1019 2699 obliuisci
1034 2663 1062 2700 re
1077 2651 1153 2700 mullo
1168 2650 1271 2702 discere.

138 2729 236 2780 Narrat
261 2729 349 2782 Cicero
373 2732 454 2784 Acud.
482 2734 583 2796 Quaeri.
610 2735 659 2785 IV.
686 2739 709 2784 l.
731 2735 836 2785 addens:
853 2733 941 2796 medo,
959 2733 1024 2799 quod
1038 2732 1170 2786 haerebant
1185 2735 1210 2784 in
1226 2751 1271 2786 me·

137 2814 220 2864 morie
236 2830 391 2881 quaecunque
407 2817 522 2870 audieret
538 2819 577 2870 vel
590 2818 696 2870 viderat.
713 2818 829 2871 Fortasse
845 2827 886 2882 et,
902 2835 966 2886 quse
981 2821 1072 2871 feruet
1087 2823 1237 2874 adolescens.

173 2987 206 3038 P.
225 2991 265 3039 lo.
298 2986 453 3040 Meminimus
477 2989 508 3042 te
524 2989 649 3040 interiecto
666 2991 733 3039 brein
747 2990 831 3055 spatio
847 3005 884 3054 sq.
901 2989 959 3040 Liv.
977 2989 1065 3041 XLV.
1081 2995 1124 3042 ³9.
1141 2990 1208 3048 Quos
1225 2988 1270 3058 Sq-

133 3071 208 3140 plmu
223 3089 270 3123 rte
284 3083 385 3140 ceptus,
402 3075 509 3126 accersio
525 3074 618 3126 Punici
633 3074 704 3135 belli,
721 3090 851 3124 concursus
861 3074 971 3138 fecerit,
985 3074 1100 3140 plerique
1115 3075 1270 3129 meminimus.

137 3159 216 3210 Mitto
232 3159 282 3210 stis
296 3160 396 3211 similis.

138 3381 141 3388 .
170 3331 203 3384 P.
222 3336 262 3383 ιι.
302 3331 348 3384 us
372 3331 488 3394 summ,
512 3341 541 3383 rr
564 3332 602 3383 sm
618 3330 734 3391 urcem,
751 3329 831 3390 retes,
846 3330 901 3380 rum.
918 3330 1044 3396 iungenda
1059 3344 1117 3381 cum
1132 3315 1208 3384 verti
1223 3332 1269 3382 mr-

137 3433 188 3470 nue
210 3419 311 3469 urituto.
337 3419 395 3472 Lis.
421 3419 556 3471 XXXIV.
581 3423 605 3468 6.
629 3414 709 3482 qucr
732 3414 861 3475 mortales,
877 3414 914 3465 ito
930 3423 958 3465 ut
974 3415 1065 3478 dicam,
1083 3425 1108 3467 et
1124 3418 1269 3484 tenporibus

136 3503 202 3571 ipsis
217 3503 352 3554 mutabiles.

172 3675 204 3726 P.
221 3679 264 3726 st.
297 3671 359 3726 Sors
383 3686 531 3742 quaesturae
551 3672 704 3742 provinciam
720 3669 796 3723 dedit.
831 3669 892 3722 Sors
908 3672 1018 3740 ulioquin
1033 3681 1058 3726 et
1069 3675 1221 3743 provinciam
1237 3678 1268 3729 si-

138 3762 252 3826 gnificet,
277 3777 353 3827 quem
376 3763 432 3828 quis
453 3763 507 3814 sine
522 3769 588 3812 sorte
602 3759 700 3826 proprie
716 3761 795 3821 dicte,
812 3761 866 3811 sino
881 3776 956 3821 urus,
973 3766 1059 3812 uectus
1077 3769 1129 3814 est:
1146 3763 1268 3827 significet

137 3851 200 3900 adeo
216 3847 462 3909 administrationes,
479 3863 576 3909 mutnus,
593 3845 704 3912 officium.
724 3848 763 3900 cf.
781 3849 891 3901 Gronov.
908 3851 941 3900 ud
958 3849 1038 3898 Tacit.
1056 3849 1152 3898 Annul.
1160 3850 1215 3900 111.
1224 3854 1267 3900 32.

136 3927 212 3994 Dixi,
237 3940 265 3984 ut
289 3935 449 3999 corrigerem,
474 3936 541 4000 quod
565 3941 602 3984 ort
626 3941 767 3999 corruptum
791 3936 818 3984 in
845 3933 921 3985 Ovid.
945 3934 1049 3983 Metam.
1068 3934 1148 3984 XIII.
1166 3938 1206 3986 st.
1222 3935 1267 3985 ubi

136 4019 221 4070 Aiax:
246 4017 322 4070 Hunc
346 4035 405 4085 eqo,
418 4028 568 4082 poscentem,
593 4035 646 4068 cum
662 4035 709 4083 quo
726 4028 892 4080 concurreret,
908 4037 970 4070 unus
987 4019 1114 4077 Sustinui;
1132 4029 1266 4085 sortemque

136 4122 211 4156 meam
230 4105 348 4164 vovistis,
372 4103 478 4166 Achivi,
504 4105 541 4156 Et
556 4115 652 4158 vestroe
667 4105 766 4156 valuem
778 4121 874 4171 preses.
906 4107 1054 4171 Lugendum
1070 4107 1173 4158 scilicet:
1191 4105 1267 4158 Hunc

137 4207 193 4257 eqo,
215 4200 368 4257 poscentem,
386 4207 438 4240 cum
454 4208 501 4255 quo
517 4200 670 4242 concurreret
685 4209 759 4254 unus,
778 4191 898 4254 Sustinui,
916 4201 1050 4257 sortemque
1065 4208 1140 4241 meam
1155 4191 1267 4243 voluistis

138 4275 235 4338 Achivi,
269 4276 306 4328 Et
329 4285 426 4328 vestrae
449 4277 549 4328 voluere
570 4295 666 4343 preces.
693 4280 787 4344 Agitur
803 4279 835 4329 de
851 4281 986 4330 certnmiue
1002 4279 1134 4343 singulari,
1151 4279 1184 4328 ud
1198 4277 1266 4343 quod

137 4366 306 4430 Hectorspud
322 4366 462 4416 Homerum
478 4365 550 4414 tlisd.
568 4365 635 4415 VII.
652 4370 684 4416 54
700 4381 738 4430 sq.
755 4365 862 4430 aliquem
877 4366 1033 4416 Achivorum
1041 4365 1265 4430 provocavitsunus

137 4462 303 4516 concurreret,
330 4459 357 4504 ut
373 4453 510 4506 Homerus:
528 4449 563 4514 ἧν
580 4451 642 4503 rurs
657 4467 710 4504 mov
728 4451 847 4506 Aerem
864 4452 1080 4523 προκαλέσσεται
1099 4450 1201 4522 οἰόθενΙ
1217 4448 1264 4517 riq
