3134 5310
258 509 278 568 6
690 519 846 568 connstn
870 519 977 568 rsarrr

256 693 379 760 virtutis
411 691 595 756 memoriam
627 691 693 756 sinc
725 691 825 778 gratie
856 700 910 753 aut
940 688 1111 754 ambitione
1145 685 1245 755 bonae
1269 703 1396 758 tanturn

255 796 465 864 conscientiae
498 797 599 884 pretio
630 793 814 860 ducebatur.
846 793 893 859 rto
923 793 1067 881 plerique
1094 815 1182 858 suam
1214 794 1273 883 ipsi
1298 797 1396 862 vitam

254 1045 350 1089 eorum,
367 1035 392 1078 et
409 1027 512 1077 sortasse
520 1026 600 1090 plura.
611 1027 697 1091 Atque
705 1028 741 1076 ita
750 1026 803 1076 Sal·
851 1030 880 1073 12
906 1032 931 1075 et
956 1025 1059 1074 Ruhnk.
1084 1027 1117 1074 ad
1143 1026 1211 1076 Vell.
1238 1027 1335 1076 Patere.
1354 1027 1394 1075 II.

253 1111 313 1160 lust.
338 1111 437 1174 Iugart.
462 1113 486 1157 5.
504 1124 551 1172 quo
567 1106 603 1156 ad
617 1105 803 1172 coquoaceudum
850 1111 905 1155 110.
931 1108 1045 1156 Krituius
1069 1106 1175 1166 iudicat,
1189 1123 1294 1172 promum
1311 1123 1327 1158 a
1344 1108 1393 1158 Ta-

254 1191 335 1240 omuia
368 1189 480 1258 illustria
512 1189 591 1253 maqis
620 1188 746 1253 mapiaque
776 1188 802 1236 in
846 1187 896 1236 cito
911 1187 1056 1250 simpliciter
1072 1187 1208 1247 enuntiari,
1225 1187 1352 1252 maqiaque
1368 1189 1395 1238 in

254 1279 343 1336 aperto
368 1271 426 1320 sinu
461 1271 500 1318 Ea
525 1269 687 1332 Metapborae
713 1283 801 1318 conre-
846 1277 934 1332 aperta
958 1283 1001 1331 per
1025 1267 1250 1332 comparationem,
1266 1269 1334 1331 qnod
1349 1281 1394 1316 cur

254 1353 350 1402 nientia
373 1351 415 1400 bic
439 1366 491 1400 uon
516 1351 672 1412 conspicitur.
691 1347 802 1398 Pronum
845 1349 900 1398 fieri
924 1364 975 1398 nou
1000 1357 1096 1413 posset,
1121 1362 1234 1398 causmm
1260 1363 1312 1396 non
1330 1361 1392 1398 esse.

254 1433 351 1483 exlooo
359 1431 800 1495 superioreadiutorioreminclinatr
847 1429 914 1480 Sane
938 1431 994 1480 fieri
1017 1435 1106 1494 potest.
1140 1429 1192 1480 sau
1216 1429 1271 1478 fieri
1294 1443 1394 1492 qnoque

253 1507 386 1577 opponitur
411 1510 506 1566 ardum
532 1519 645 1576 apertum
669 1511 801 1573 opponitur
842 1518 931 1574 potest,
951 1518 981 1559 ut
999 1511 1167 1574 comparatio
1185 1512 1217 1559 sit
1233 1509 1260 1558 in
1276 1515 1392 1572 utroque.

254 1593 346 1643 clauso.
380 1593 494 1656 Utraque
527 1591 675 1653 Metaphora
707 1591 800 1653 signifi·
847 1591 913 1641 Cum
936 1607 996 1642 usus
1017 1607 1069 1642 non
1086 1594 1179 1651 obstet,
1197 1590 1335 1640 sententiae
1352 1604 1393 1652 ap·

252 1682 293 1724 cat
317 1675 416 1723 nullum
445 1672 653 1736 impedimentum
677 1672 800 1734 prioribus
845 1673 894 1721 tius
910 1673 1006 1732 iudIeo,
1024 1673 1103 1736 napis
1119 1673 1158 1722 bis
1174 1671 1286 1734 cogitsri.
1361 1701 1367 1705 -

253 1754 389 1814 obstitisse,
405 1769 456 1817 quo
471 1754 555 1802 minus
571 1758 710 1801 memoratri
722 1752 800 1815 digna
879 1749 924 1801 Aa
943 1752 1097 1818 prodendam
1120 1751 1222 1802 uirtutis
1245 1751 1393 1800 meamriom

253 1841 364 1900 agerent.
385 1835 417 1882 In
442 1834 482 1882 his
499 1840 524 1882 et
540 1835 634 1896 duplex
652 1833 801 1895 Metapbora
847 1834 944 1894 Quodsi
960 1848 1045 1893 voces,
1062 1835 1133 1884 brevi
1148 1833 1281 1884 intervallo
1296 1828 1394 1882 sineri

253 1917 337 1966 minas
361 1921 445 1978 grata,
467 1920 492 1963 et
512 1915 627 1962 voluntas
650 1919 675 1962 et
692 1913 801 1961 studium
846 1914 961 1972 iteratae,
978 1921 1036 1963 sunt
1052 1914 1173 1964 indicium
1180 1913 1357 1976 negligentiae,
1364 1919 1394 1962 ut

253 1999 365 2061 priorum
381 1995 464 2044 minus
481 2001 594 2057 apparet,
611 2008 687 2057 quam
704 2000 800 2042 senten·
846 2008 932 2043 omnes
956 2009 1041 2044 rerum
1064 1994 1138 2057 periti
1162 1995 1325 2051 arbitrantur,
1344 1993 1393 2042 Ta-

254 2079 291 2127 tia
306 2077 422 2141 postulat.
434 2075 509 2136 Quod
517 2080 660 2137 comparant
669 2088 702 2122 ex
712 2074 800 2136 Agric.
846 2076 909 2124 ciuis
933 2075 1048 2124 virtutem
1073 2082 1098 2124 et
1121 2075 1227 2126 uirtutes
1251 2076 1287 2125 sie
1303 2075 1394 2124 iterare

254 2164 295 2207 ³3.
322 2155 426 2212 Quando
451 2155 550 2204 dabitur
576 2153 669 2202 hostie?
697 2151 800 2208 Quando
846 2172 897 2206 non
914 2157 1003 2220 potnit
1020 2157 1120 2221 Inspice
1136 2157 1185 2206 hoo
1200 2169 1393 2218 unumparrnm

255 2239 339 2288 acies?
362 2236 482 2295 Veniunt,
500 2234 801 2293 elatebrisaulaeutruai,
846 2244 931 2300 eaput:
957 2238 1048 2287 nobilis
1069 2237 1163 2296 virtus,
1179 2237 1302 2288 memoris
1316 2235 1394 2284 virm·

256 2327 280 2368 et
296 2327 354 2367 uoto
370 2317 497 2380 virtusque
514 2316 539 2364 in
555 2323 657 2379 aperto,
675 2315 801 2378 omniaque
848 2318 893 2376 tis,
907 2318 1012 2368 virtutes
1028 2321 1201 2378 aestimentur,
1217 2317 1395 2368 uirtutibuain·

253 2416 336 2466 prona
360 2399 505 2456 uictoribus,
530 2405 605 2459 atque
631 2394 714 2444 eadem
729 2395 802 2444 uictis
847 2399 917 2449 festa.
943 2400 994 2448 Hic
1010 2406 1076 2450 certe
1092 2401 1227 2450 sufficiebet
1243 2401 1276 2448 ad
1288 2397 1394 2464 proden-

257 2480 372 2530 adversa.
400 2480 458 2528 Hoc
482 2492 533 2526 non
559 2477 640 2526 simile
666 2482 711 2525 est.
734 2477 803 2524 Vota
848 2479 904 2530 dam
912 2481 1394 2540 usurariamsailicatrarummemoratu

256 2563 384 2624 virtusque
413 2560 438 2608 in
468 2565 555 2623 aperto
580 2558 678 2621 proprie
704 2557 801 2606 dicitur.
848 2560 1394 2625 diqnurummlariviriegeruntdignamemo·

258 2643 365 2700 Hostes,
380 2654 442 2704 quos
458 2640 529 2688 vobis
546 2639 600 2687 dari
617 2639 731 2701 optastis,
745 2644 803 2686 sunt
847 2648 916 2701 ratu,
941 2642 1071 2706 scriptores
1091 2643 1222 2705 prodidere
1237 2642 1393 2691 memoriam.

258 2724 285 2772 in
311 2727 407 2786 aperto;
431 2721 510 2769 virtus
527 2721 601 2779 adeo,
618 2726 705 2770 contra
721 2719 803 2768 hostes
882 2720 942 2772 Sine
957 2723 1043 2787 qratia
1059 2731 1104 2772 aut
1120 2723 1256 2772 ambitione.
1270 2722 1349 2770 Nullo
1357 2721 1394 2770 in·

258 2803 424 2862 ostendenda,
440 2802 513 2850 simul
536 2807 573 2850 est
593 2801 619 2850 in
642 2807 733 2864 aperto.
752 2800 804 2850 Sed
848 2805 983 2854 citamento
1012 2819 1074 2868 opus
1104 2810 1169 2863 erat,
1199 2810 1228 2852 ut
1252 2803 1393 2867 proderent.

258 2884 408 2932 vincendum
427 2889 471 2931 est.
490 2881 533 2952 Sic
548 2883 635 2931 omnia
649 2888 804 2945 porroernnt
850 2886 916 2936 Tam
936 2891 1078 2949 promptum
1101 2900 1200 2950 quoque
1224 2891 1249 2934 et
1265 2885 1292 2934 in
1309 2891 1395 2947 aperto

183 2954 188 2964 ’
258 2979 338 3028 prona
363 2971 387 3012 et
412 2963 506 3021 facilia;
531 2970 559 3012 ut
585 2963 687 3013 Sallust.
706 2965 818 3034 Iumrrt.¹
849 2967 1020 3030 scriptoribus,
1049 2973 1079 3014 ut
1107 2968 1204 3025 statim,
1233 2967 1277 3030 qui
1301 2966 1394 3023 vellet,

263 3051 318 3094 112.
350 3042 436 3093 Omnia
460 3043 549 3092 virtuti
570 3059 630 3092 suae
643 3060 725 3108 prona
743 3059 803 3092 ease.
850 3048 914 3096 facta
933 3061 1064 3112 moresque
1084 3049 1208 3098 clerorum
1224 3048 1335 3096 virorum
1351 3059 1394 3094 ex-

259 3128 292 3176 In
329 3127 417 3175 Tacito
441 3125 482 3174 hic
506 3125 595 3174 melius
616 3132 701 3188 putem
723 3141 804 3190 prom·
849 3128 958 3193 plicaret.
990 3130 1031 3177 Ita
1064 3135 1088 3177 et
1123 3127 1224 3177 Tacitus
1248 3127 1396 3176 memoriam

255 3215 327 3273 ptum
351 3206 477 3271 inopiaque
493 3205 519 3253 in
535 3213 622 3269 aperto
644 3213 707 3254 erut.
725 3207 757 3254 In
774 3219 804 3255 eo
851 3210 984 3272 Agricolae
1000 3209 1120 3272 prodidit,
1134 3209 1187 3258 sola
1199 3210 1291 3270 pietate
1298 3209 1395 3258 ductus.

258 3289 367 3338 cernitur
390 3300 442 3334 una
462 3286 554 3347 imago.
573 3285 648 3345 Quod
663 3292 805 3349 promptum
883 3289 1004 3353 Plerique
1028 3304 1097 3337 auam
1121 3288 1173 3352 ipsi
1187 3288 1263 3336 uitam
1279 3303 1395 3336 narrare.

259 3377 309 3429 est,
334 3375 371 3418 est
395 3375 521 3432 apertum,
538 3367 605 3429 quod
621 3373 734 3430 apertum
750 3374 803 3426 est,
851 3369 971 3434 Plerique
995 3383 1128 3420 numerum
1151 3368 1285 3431 quemdam
1301 3366 1396 3429 signifi·

259 3459 296 3501 est
304 3455 453 3515 promptum.
473 3447 626 3510 Cuicumque
643 3447 711 3496 lubet
719 3453 744 3498 et
753 3449 804 3497 ani·
850 3459 901 3512 eat,
928 3452 999 3501 alteri
1016 3464 1120 3499 numero
1136 3448 1229 3498 minori
1245 3449 1394 3512 oppositum.

258 3547 314 3580 mus
331 3538 380 3590 est,
397 3529 472 3579 sumit
489 3535 513 3577 et
530 3528 615 3592 arripit
631 3542 804 3591 egerememo·
850 3535 910 3596 Ipsa
926 3532 1074 3595 significatio
1090 3545 1124 3582 ex
1140 3531 1265 3580 sententia
1280 3530 1329 3579 loci
1346 3531 1395 3580 effi·

258 3620 314 3662 retu
323 3612 401 3674 digna
411 3648 417 3668 ,
427 3617 452 3658 et
459 3610 583 3658 celebrare
590 3610 680 3659 licebat
687 3615 740 3658 tam
748 3611 805 3659 duci
850 3615 921 3663 citur.
939 3615 1008 3677 Ergo
1024 3610 1395 3675 nuncintelligrmturplurimi,

258 3709 334 3758 quam
360 3691 487 3754 scriptori,
513 3696 537 3738 et
553 3691 708 3740 occasionem
723 3707 804 3756 prom·
850 3711 918 3744 nuno
943 3693 1075 3759 permulti,
1105 3693 1187 3752 multi,
1214 3691 1315 3756 plures,
1340 3707 1396 3740 non-

257 3775 383 3839 ptissImus
399 3772 631 3835 quisqueceptabat.
642 3772 805 3835 Temporibus
850 3773 919 3822 nulli.
946 3775 1032 3822 Minor
1048 3789 1166 3824 numerus
1178 3772 1307 3839 plerisque
1323 3787 1396 3837 saepe

259 3863 342 3906 autam
361 3854 442 3904 Taciti
459 3859 545 3901 contra
562 3858 622 3901 erat.
633 3849 720 3917 Mapis
728 3854 805 3902 semel
851 3854 1021 3917 subiungitur,
1044 3861 1074 3903 nt
1098 3870 1123 3904 v.
1140 3869 1162 3904 c.
1181 3853 1268 3917 Agrip.
1286 3859 1328 3903 40.
1342 3853 1396 3919 ple·

258 3939 379 4002 positum,
405 3935 444 3984 bis
468 3934 629 3996 cogitandum
644 3939 717 3997 puto,
734 3935 806 3998 quasi
850 3935 1016 3999 rique-pauci.
1033 3935 1102 3984 Usus
1118 3935 1187 3986 vocis
1204 3936 1292 3984 Tacito
1309 3937 1395 3986 estad·

258 4020 368 4082 legatur:
399 4023 539 4081 promptum
563 4015 655 4078 maqis,
680 4015 805 4080 maqiaque
850 4017 953 4065 modum
977 4015 1106 4079 frequens,
1132 4031 1178 4066 nec
1202 4030 1352 4080 quemqnam
1368 4017 1395 4066 in

259 4102 286 4151 in
310 4107 398 4165 aperto
423 4105 486 4146 erut.
509 4095 641 4144 Sallustius
658 4097 675 4145 l.
692 4097 709 4144 l.
727 4096 805 4159 maqie
851 4111 881 4146 eo
905 4099 1011 4160 legenda
1035 4098 1077 4146 rel
1097 4099 1255 4148 mediocriter
1270 4105 1395 4148 versatum

259 4181 365 4246 repetiit.
383 4178 508 4236 Alibi,ut
525 4178 622 4240 Iugurt.
640 4182 680 4226 83.
698 4176 805 4241 illepro-
850 4178 930 4226 latrrit.
957 4178 1013 4227 Iam
1038 4178 1137 4242 Rykius
1161 4185 1186 4227 et
1211 4179 1254 4227 elii
1271 4185 1328 4228 ante
1345 4178 1395 4241 Ry-

260 4262 331 4318 bore,
346 4259 441 4324 partim
456 4259 574 4316 abnuere,
591 4259 750 4321 cogitandum
768 4272 805 4306 re·
850 4257 921 4306 kium
948 4260 979 4307 cd
1002 4259 1098 4308 Hister.
1119 4264 1140 4307 1.
1158 4263 1199 4308 st.
1217 4260 1395 4308 animadverte·

260 4341 358 4404 linquit.
391 4339 603 4390 Consuetudinem
628 4340 663 4388 sio
687 4339 805 4403 loquendi
850 4345 917 4387 runt.
940 4340 1028 4404 Itaque
1045 4356 1096 4389 non
1114 4347 1180 4397 erat,
1197 4354 1241 4389 cur
1254 4340 1293 4388 vir
1309 4341 1396 4389 doctus

260 4435 397 4485 exposuere
414 4419 524 4470 Gronov.
543 4423 574 4471 ad
592 4422 648 4470 Lir.
665 4420 804 4470 XXXIII.
850 4420 876 4467 in
896 4419 1025 4471 Observat.
1044 4421 1151 4470 Miscell.
1170 4419 1231 4471 Crit.
1242 4420 1302 4468 Vol.
1313 4419 1394 4468 XIII.
