3130 5308
666 551 839 600 nsmeons.
1255 539 1316 600 115

166 721 220 786 oia
248 716 455 786 venumdatos
484 730 515 784 et
540 719 572 784 in
597 711 736 783 nostram
760 741 861 808 nsque
885 721 986 809 ripum
1009 722 1185 788 mutatione
1208 743 1314 786 emen·

168 825 254 890 tium
278 823 432 889 adductos
455 822 609 888 indicium
634 825 715 888 tenti
739 845 828 889 cesus
852 825 1029 892 illustrarit.

214 928 336 994 XXIX.
374 929 467 994 Initio
506 929 629 994 aestatis
664 929 832 1018 Agricola,
870 929 1042 997 domestico
1066 932 1196 998 vulnere
1220 933 1313 1007 ictus,

168 1055 257 1098 anuo
280 1045 354 1099 ente
377 1045 488 1098 netum
512 1033 613 1098 lilium
639 1034 761 1112 amisit,
787 1057 882 1123 quem
906 1058 1014 1102 cesum
1038 1058 1166 1125 neque,
1192 1047 1227 1101 ut
1245 1036 1315 1124 ple·

170 1137 264 1226 rique
297 1137 429 1203 fortium
464 1139 622 1217 virorum,
657 1137 841 1218 ambitiose,
877 1162 982 1227 neque
1004 1163 1062 1229 per
1084 1140 1221 1206 lamento
1247 1161 1314 1205 rnr-

170 1264 224 1306 sus
259 1264 296 1308 ac
328 1264 503 1308 moerorem
526 1243 725 1310 muliebriter
748 1243 833 1310 tulit.
858 1243 899 1309 Et
922 1245 954 1309 in
978 1245 1069 1310 luctu
1093 1244 1213 1312 bellum
1233 1247 1315 1310 inter

169 1347 312 1414 remedia
345 1359 425 1414 erat.
470 1348 571 1437 Igitur
605 1352 774 1438 praemisse
810 1350 926 1428 classe,
963 1372 1044 1438 quea
1072 1349 1216 1440 pluribus
1239 1350 1315 1416 locis

169 1547 221 1584 uae
244 1533 451 1598 prohibebantur:
469 1548 545 1595 mox,
567 1536 663 1586 amissis
680 1553 722 1586 na·
803 1535 881 1586 Initio
906 1537 1020 1587 aestatis.
1054 1538 1126 1588 Haec
1141 1544 1195 1589 arnt
1211 1536 1316 1604 septimo

168 1617 257 1676 vibus,
282 1616 414 1679 intercepti
439 1623 498 1665 sunt
515 1632 530 1666 a
546 1617 644 1667 Frisiis.
662 1619 722 1670 We·
769 1623 856 1666 aestas.
891 1617 1021 1667 Broterius
1037 1619 1094 1669 vn
1110 1620 1231 1669 excidisse
1247 1623 1315 1682 putu·

168 1699 230 1748 xius
252 1697 314 1746 haec
330 1697 473 1747 annotavit:
493 1698 557 1746 xvix
573 1698 646 1746 aliter
661 1698 723 1748 haec
769 1698 824 1756 bnt,
858 1699 1001 1762 absorptum
1029 1699 1204 1749 terminatione
1229 1699 1300 1748 verbi

169 1778 292 1844 explicari
316 1784 446 1841 poterunt,
471 1794 547 1843 quum
570 1783 599 1828 nt
616 1780 724 1843 primum
768 1780 937 1842 praecedentis
950 1779 1095 1831 illustravit.
1122 1781 1234 1842 Legebat
1242 1781 1317 1832 adeo:

170 1875 229 1910 aton
244 1860 412 1924 interpreteris
430 1858 456 1908 oi
474 1857 601 1918 uls-oi
619 1857 660 1908 δὲ.
679 1861 723 1910 An
770 1856 896 1924 Septimus
913 1860 984 1909 initio
998 1861 1111 1910 aestatis.
1139 1861 1316 1920 Tnm,credo,

167 1955 257 1992 veram
273 1941 421 2004 scripturam
436 1943 539 1992 retinnit
554 1944 635 1992 codex
652 1940 679 1990 A
696 1943 723 1992 in
771 1941 872 1990 Tacitus
889 1941 1036 2003 scripsisset:
1054 1940 1125 1990 initio
1141 1941 1260 2006 septimas
1277 1955 1317 1988 ce-

166 2037 220 2088 quo
235 2024 304 2086 qnod
319 2023 439 2084 scriptum
455 2030 493 2073 est
506 2022 630 2088 p'modum
638 2024 723 2074 forsan
769 2023 851 2072 statis.
886 2023 1006 2072 Ernestus
1031 2023 1161 2086 supplebat
1184 2022 1258 2070 initio
1283 2035 1318 2068 se·

167 2104 202 2153 sit
223 2103 399 2168 propemodum
419 2103 572 2169 legendum?
590 2105 724 2156 Praeterea
770 2103 879 2167 quesne,
900 2104 942 2153 vel
955 2103 1093 2169 proximae.
1115 2103 1232 2168 Cogitavi
1247 2102 1319 2152 initio

167 2185 277 2244 nubum,
302 2185 324 2234 si
349 2185 453 2236 amissae
476 2191 536 2235 sunt
557 2201 647 2246 naves,
663 2201 723 2250 qno·
769 2199 845 2233 norme
870 2184 983 2236 aestatis.
1007 2192 1035 2235 ct
1058 2185 1085 2234 in
1110 2184 1165 2234 ione
1190 2191 1248 2234 sunt
1271 2184 1318 2234 ela·

167 2267 246 2316 modo
275 2266 380 2316 diversis
404 2267 465 2316 locis
489 2282 534 2331 pro
558 2269 724 2331 praedonibus
768 2267 939 2341 mentayocis
956 2281 1040 2315 novoe.
1053 2265 1106 2316 Sed
1120 2267 1163 2316 hic
1174 2273 1318 2316 sanuserat

169 2348 259 2398 heberi
284 2348 418 2411 potuerint.
436 2348 507 2398 Num
524 2349 554 2398 11
569 2351 674 2399 naribus
690 2351 724 2400 le·
768 2348 883 2412 ultimum
911 2354 1014 2412 quotus,
1031 2349 1104 2398 facile
1120 2349 1268 2410 intelligitur
1285 2361 1319 2396 ex

168 2428 318 2492 gendumi''
336 2430 393 2492 Ego
410 2443 443 2479 ex
456 2429 723 2495 p'modumfeciprs'mo
768 2444 822 2492 cup.
848 2434 888 2478 25.
915 2425 1033 2488 Aestate,
1060 2444 1110 2492 qua
1135 2436 1227 2476 sestam
1243 2426 1319 2490 officii

170 2525 207 2562 ex
222 2508 292 2570 duam
310 2507 382 2565 deim-
399 2510 474 2574 idque
490 2510 540 2560 alio
557 2513 681 2561 transtuli.
748 2521 749 2524 ’
769 2525 857 2560 onnam
881 2509 1018 2560 inchoabat.
1052 2509 1182 2559 Dronkius
1206 2508 1318 2566 monuit,

215 2589 451 2646 Quos—indicium
460 2591 524 2640 tanti
532 2608 605 2642 cosas
613 2591 724 2642 illustra·
770 2605 901 2640 nnmerum
918 2591 1031 2654 scriptori
1047 2585 1318 2650 nondsbereobtindi,

168 2670 724 2737 nit.NanevomntqnidinBritunniuporpe-
770 2681 795 2721 et
819 2671 928 2723 Wexius
951 2679 1022 2736 putat
1048 2673 1165 2724 Tacinnn
1188 2674 1215 2722 in
1237 2673 1319 2722 verbis

168 2760 289 2813 messem,
315 2767 359 2816 par
375 2758 436 2817 quot
452 2767 523 2803 casus
540 2761 565 2805 et
581 2755 725 2804 ᾱίοοοίωὶῃο
769 2760 845 2816 arque
869 2753 908 2802 ita
923 2753 1055 2804 discessum
1071 2756 1160 2819 prioris
1176 2756 1276 2805 aestatis
1292 2755 1319 2803 fi-

167 2835 310 2894 renissent‚
327 2834 372 2883 nbi
387 2849 454 2884 nnnc
471 2841 550 2884 erant.
576 2836 646 2884 Hinc
661 2837 725 2886 celo·
770 2847 829 2884 nem
844 2835 1029 2898 quodammodo
1045 2837 1180 2898 indicasse,
1196 2843 1225 2886 ut
1235 2849 1320 2886 errare

168 2916 287 2966 britutem
308 2917 436 2980 quandam
451 2917 532 2976 nacti,
548 2924 577 2966 ut
592 2917 621 2966 fit
637 2918 665 2974 in
680 2919 724 2968 ho·
769 2921 835 2964 certe
851 2916 963 2978 legentes
978 2915 1030 2964 nori
1046 2923 1155 2979 possent.

169 2996 281 3048 minibus
296 3001 334 3046 tot
349 2997 417 3046 mein
432 2999 565 3061 perpessis,
583 2999 686 3048 fortasse
700 3005 725 3048 et
803 2992 898 3044 Filium
922 2994 1013 3046 amisit.
1047 2997 1081 3044 Et
1105 2987 1179 3046 antea
1203 3004 1228 3046 et
1252 3011 1319 3046 nuuc

169 3092 188 3127 u
212 3076 332 3137 dominis,
348 3077 393 3141 qui
408 3084 533 3137 emerant,
550 3079 634 3128 mitius
650 3079 724 3128 hube-
770 3075 935 3124 Proconsules
959 3089 1032 3138 saepe
1056 3089 1148 3126 uxores
1172 3078 1199 3126 in
1220 3079 1320 3140 provin·

133 3173 135 3176 ·
170 3160 274 3209 bantur.
290 3157 408 3217 Domini,
425 3165 580 3222 pnt0,erant
589 3157 723 3218 Germani,
769 3156 815 3205 ciis
840 3169 924 3204 secum
939 3155 1073 3207 hebebant.
1098 3158 1138 3208 De
1155 3159 1203 3208 iste
1218 3173 1319 3209 consue·

170 3239 266 3304 quibus
290 3244 343 3287 tuto
367 3253 468 3288 nmrure
484 3246 585 3302 possent
601 3241 633 3290 de
649 3241 724 3290 caede
769 3237 856 3286 tudine
890 3237 999 3288 Caecina
1028 3245 1053 3288 et
1079 3240 1230 3292 Messalinus
1252 3244 1321 3306 apud

171 3321 326 3370 centurionis
351 3327 376 3369 et
399 3321 511 3370 militnm
536 3321 723 3380 Romanorum
771 3318 852 3368 Tacit.
879 3318 975 3368 Annal.
1002 3320 1057 3370 111.
1083 3327 1129 3381 33,
1146 3323 1173 3372 in
1189 3331 1321 3387 atramque

171 3402 200 3450 in
225 3401 280 3465 ripe
305 3403 418 3462 sinistra,
442 3402 571 3465 provincie
592 3402 724 3462 Romane,
769 3406 865 3462 partem
881 3401 1016 3464 disputant.
1033 3401 1065 3450 ei.
1083 3402 1151 3466 Lips.
1168 3409 1193 3452 at
1210 3405 1319 3466 Longol.

171 3496 226 3532 non
242 3483 386 3546 potuissent.
406 3482 490 3545 Quare
497 3484 592 3546 legam:
602 3499 632 3532 ac
635 3484 724 3547 suere,
770 3482 802 3530 ad
819 3481 897 3530 Plinii
914 3482 994 3543 Epist.
1012 3480 1047 3530 X.
1068 3486 1123 3530 121.

172 3579 235 3628 quos
247 3578 296 3628 per
312 3563 455 3612 commercia
467 3562 629 3622 venundatos,
647 3570 672 3611 et
684 3579 724 3611 no-
802 3559 917 3610 Fortium
937 3560 1053 3610 virosum.
1071 3561 1197 3614 Universa
1212 3565 1263 3615 oiri
1278 3581 1320 3630 op·

171 3652 251 3693 stram
266 3659 343 3707 usque
359 3643 442 3707 ripam
457 3643 590 3693 metatione
599 3643 724 3692 ementium
769 3647 896 3705 ponuntur
912 3643 1071 3704 mulieribus,
1083 3645 1173 3711 fortes
1189 3646 1320 3710 virioppo·

171 3723 301 3774 adductos.
327 3725 414 3788 Usque
436 3727 469 3774 ad
484 3726 564 3789 ripam
581 3725 723 3782 sinistram
769 3729 864 3772 nuntur
892 3722 1004 3774 &umentis
1026 3733 1050 3774 et
1073 3727 1179 3776 moerori
1202 3727 1320 3778 muliebri.

172 3812 319 3856 manserunt
343 3807 370 3854 in
396 3806 497 3866 dextra,
514 3807 642 3870 usquead
659 3805 724 3855 Rhe·
771 3804 803 3853 In
824 3803 939 3868 sortibus
965 3806 1039 3855 simul
1064 3807 1130 3858 inest
1145 3809 1227 3858 ironiu
1248 3824 1321 3873 qnae·

171 3901 248 3946 unm,
277 3887 384 3935 limitem
407 3886 467 3936 hinc
492 3885 642 3936 Germaniae
666 3886 725 3936 inde
770 3885 843 3945 dum,
866 3893 896 3936 nt
913 3887 939 3935 in
965 3887 1079 3947 Horatii,
1104 3903 1255 3952 quamquam
1272 3890 1322 3938 alio

171 3965 725 4032 Romaniimparii.Usqaeadaostramripom
771 3981 860 4017 sensa:
879 3967 941 4030 auid
948 3968 1015 4016 brevi
1018 3970 1106 4032 fortes
1115 3968 1252 4017 iaculamur
1261 3981 1320 4016 aeno

171 4048 388 4112 quatenus,medio
398 4049 724 4112 Rhenomddncipotaerint.
771 4047 866 4098 multa?
903 4049 989 4097 Ironia
1005 4055 1107 4111 apparet
1123 4063 1156 4096 ax
1172 4049 1256 4097 addito
1273 4063 1321 4097 aar·

174 4127 218 4178 Sic
227 4129 254 4178 in
262 4127 381 4178 German.
392 4128 513 4180 xviia.
519 4126 613 4181 Gerunt
622 4139 646 4180 et
649 4132 725 4195 sera·
771 4127 869 4190 ditiose,
887 4130 958 4193 quasi
974 4130 1079 4178 dixisset
1091 4143 1141 4193 per
1143 4126 1322 4192 fortitudinem

172 4207 725 4276 rampelles,prosimiripoaneplipeater,ui·
772 4201 937 4269 ambitiosam,
963 4216 992 4258 ut
1013 4209 1132 4259 fortitudo
1149 4214 1321 4259 ostentaretur.

174 4289 279 4338 teriorcs
302 4289 462 4352 exquisitius,
489 4299 517 4340 ut
542 4291 628 4355 quibus
645 4290 727 4342 nullus
773 4289 815 4340 Sic
841 4289 959 4339 lacrimae
983 4290 1127 4340 ambitiosae
1151 4289 1207 4338 sim.
1224 4289 1256 4340 de
1272 4305 1322 4355 quo

171 4384 219 4432 per
244 4370 387 4419 cominercia
413 4371 505 4431 cultus,
531 4373 548 4421 i.
576 4372 726 4435 aproniani
773 4371 841 4422 Cort.
865 4372 897 4422 ad
914 4370 1002 4420 Lucan
1019 4371 1069 4420 IV.
1087 4373 1145 4420 ets.
1163 4368 1322 4422 Muliebriter

173 4450 241 4513 ripae
259 4458 374 4514 nostrae,
392 4455 458 4506 nude
475 4455 554 4506 maior
570 4454 658 4512 adim.
773 4459 860 4505 notum
887 4467 919 4504 cx
945 4452 1066 4514 Horatio,
1092 4459 1197 4506 canente
1220 4453 1322 4518 Cleopa-
