<?xml version="1.0" encoding="UTF-8"?>
<!DOCTYPE html PUBLIC "-//W3C//DTD XHTML 1.0 Transitional//EN"
    "http://www.w3.org/TR/xhtml1/DTD/xhtml1-transitional.dtd">
<html xmlns="http://www.w3.org/1999/xhtml" xml:lang="en" lang="en">
 <head>
  <title>
</title>
<meta http-equiv="Content-Type" content="text/html;charset=utf-8" />
  <meta name='ocr-system' content='tesseract 3.04.00' />
  <meta name='ocr-capabilities' content='ocr_page ocr_carea ocr_par ocr_line ocrx_word'/>
</head>
<body>
  <div class='ocr_page' id='page_1' title='image "./ccorneliitaciti09tacigoog/ccorneliitaciti09tacigoog_0116.png"; bbox 0 0 3130 5308; ppageno 0'>
   <div class='ocr_carea' id='block_1_1' title="bbox 685 529 1339 592">
    <p class='ocr_par' dir='ltr' id='par_1_1' title="bbox 685 529 1339 592">
     <span class='ocr_line' id='line_1_1' title="bbox 685 529 1339 592; baseline 0.006 -4"><span class='ocrx_word' id='word_1_1' title='bbox 685 539 862 588; x_wconf 80' lang='lat' dir='ltr'><strong>senrootr.</strong></span> <span class='ocrx_word' id='word_1_2' title='bbox 1276 529 1339 592; x_wconf 75' lang='lat'><strong>105</strong></span> 
     </span>
    </p>
   </div>
   <div class='ocr_carea' id='block_1_2' title="bbox 185 706 1344 1434">
    <p class='ocr_par' dir='ltr' id='par_1_2' title="bbox 185 706 1339 904">
     <span class='ocr_line' id='line_1_2' title="bbox 185 706 1339 799; baseline -0.002 -19"><span class='ocrx_word' id='word_1_3' title='bbox 185 735 227 780; x_wconf 88' lang='lat' dir='ltr'><strong>or</strong></span> <span class='ocrx_word' id='word_1_4' title='bbox 253 708 418 779; x_wconf 71' lang='lat' dir='ltr'><strong>iracundia</strong></span> <span class='ocrx_word' id='word_1_5' title='bbox 441 707 522 776; x_wconf 88' lang='lat' dir='ltr'><strong>nihil</strong></span> <span class='ocrx_word' id='word_1_6' title='bbox 545 721 729 799; x_wconf 85' lang='lat' dir='ltr'><strong>superorat,</strong></span> <span class='ocrx_word' id='word_1_7' title='bbox 753 721 911 776; x_wconf 88' lang='lat' dir='ltr'><strong>seorotum</strong></span> <span class='ocrx_word' id='word_1_8' title='bbox 934 719 971 774; x_wconf 90' lang='lat' dir='ltr'><strong>ut</strong></span> <span class='ocrx_word' id='word_1_9' title='bbox 994 706 1158 776; x_wconf 86' lang='lat' dir='ltr'><strong>silentium</strong></span> <span class='ocrx_word' id='word_1_10' title='bbox 1180 712 1247 780; x_wconf 83' lang='lat' dir='ltr'><strong>aius</strong></span> <span class='ocrx_word' id='word_1_11' title='bbox 1275 733 1339 778; x_wconf 89' lang='lat' dir='ltr'><strong>non</strong></span> 
     </span>
     <span class='ocr_line' id='line_1_3' title="bbox 185 813 1120 904; baseline -0.005 -19"><span class='ocrx_word' id='word_1_12' title='bbox 185 819 341 897; x_wconf 86' lang='lat' dir='ltr'><strong>timeres;</strong></span> <span class='ocrx_word' id='word_1_13' title='bbox 367 815 531 882; x_wconf 75' lang='lat' dir='ltr'><strong>honestius</strong></span> <span class='ocrx_word' id='word_1_14' title='bbox 548 814 681 904; x_wconf 76' lang='lat' dir='ltr'><strong>putebat</strong></span> <span class='ocrx_word' id='word_1_15' title='bbox 705 813 865 880; x_wconf 81' lang='lat' dir='ltr'><strong>offendere</strong></span> <span class='ocrx_word' id='word_1_16' title='bbox 888 835 985 904; x_wconf 79' lang='lat' dir='ltr'><strong>quom</strong></span> <span class='ocrx_word' id='word_1_17' title='bbox 1009 813 1120 882; x_wconf 86' lang='lat' dir='ltr'><strong>odisse.</strong></span> 
     </span>
    </p>

    <p class='ocr_par' dir='ltr' id='par_1_3' title="bbox 192 918 1344 1434">
     <span class='ocr_line' id='line_1_4' title="bbox 239 918 1342 1011; baseline 0.002 -23"><span class='ocrx_word' id='word_1_18' title='bbox 239 920 361 988; x_wconf 83' lang='lat' dir='ltr'><strong>xxttt.</strong></span> <span class='ocrx_word' id='word_1_19' title='bbox 407 921 525 1006; x_wconf 72' lang='lat' dir='ltr'><strong>Quarto</strong></span> <span class='ocrx_word' id='word_1_20' title='bbox 573 932 674 986; x_wconf 87' lang='lat' dir='ltr'><strong>aestas</strong></span> <span class='ocrx_word' id='word_1_21' title='bbox 720 918 918 999; x_wconf 83' lang='lat' dir='ltr'><strong>obtinendis,</strong></span> <span class='ocrx_word' id='word_1_22' title='bbox 962 941 1045 1009; x_wconf 87' lang='lat' dir='ltr'><strong>qnae</strong></span> <span class='ocrx_word' id='word_1_23' title='bbox 1074 935 1342 1011; x_wconf 76' lang='lat' dir='ltr'>percucurrerat,</span> 
     </span>
     <span class='ocr_line' id='line_1_5' title="bbox 192 1025 1343 1118; baseline 0.002 -25"><span class='ocrx_word' id='word_1_24' title='bbox 192 1031 374 1116; x_wconf 83' lang='lat' dir='ltr'><strong>insumpta,</strong></span> <span class='ocrx_word' id='word_1_25' title='bbox 411 1047 469 1102; x_wconf 83' lang='lat' dir='ltr'><strong>no,</strong></span> <span class='ocrx_word' id='word_1_26' title='bbox 505 1025 530 1090; x_wconf 93' lang='lat' dir='ltr'><strong>si</strong></span> <span class='ocrx_word' id='word_1_27' title='bbox 555 1025 653 1116; x_wconf 77' lang='lat' dir='ltr'><strong>virtus</strong></span> <span class='ocrx_word' id='word_1_28' title='bbox 677 1027 873 1093; x_wconf 89' lang='lat' dir='ltr'><strong>erereituum</strong></span> <span class='ocrx_word' id='word_1_29' title='bbox 896 1036 929 1092; x_wconf 88' lang='lat' dir='ltr'><strong>et</strong></span> <span class='ocrx_word' id='word_1_30' title='bbox 953 1025 1090 1092; x_wconf 78' lang='lat' dir='ltr'><strong>Ronssni</strong></span> <span class='ocrx_word' id='word_1_31' title='bbox 1113 1028 1250 1094; x_wconf 85' lang='lat' dir='ltr'><strong>nominis</strong></span> <span class='ocrx_word' id='word_1_32' title='bbox 1275 1028 1343 1118; x_wconf 75' lang='lat' dir='ltr'><strong>glo·</strong></span> 
     </span>
     <span class='ocr_line' id='line_1_6' title="bbox 196 1130 1344 1224; baseline 0.003 -26"><span class='ocrx_word' id='word_1_33' title='bbox 196 1133 245 1198; x_wconf 87' lang='lat' dir='ltr'><strong>ris</strong></span> <span class='ocrx_word' id='word_1_34' title='bbox 273 1142 453 1221; x_wconf 78' lang='lat' dir='ltr'><strong>peteretur,</strong></span> <span class='ocrx_word' id='word_1_35' title='bbox 477 1131 624 1196; x_wconf 81' lang='lat' dir='ltr'><strong>inventus</strong></span> <span class='ocrx_word' id='word_1_36' title='bbox 645 1131 680 1196; x_wconf 92' lang='lat' dir='ltr'><strong>in</strong></span> <span class='ocrx_word' id='word_1_37' title='bbox 703 1132 770 1220; x_wconf 80' lang='lat' dir='ltr'><strong>ipso</strong></span> <span class='ocrx_word' id='word_1_38' title='bbox 791 1130 956 1196; x_wconf 75' lang='lat' dir='ltr'><strong>Britannia</strong></span> <span class='ocrx_word' id='word_1_39' title='bbox 979 1133 1147 1200; x_wconf 83' lang='lat' dir='ltr'><strong>terminus.</strong></span> <span class='ocrx_word' id='word_1_40' title='bbox 1196 1133 1344 1224; x_wconf 78' lang='lat' dir='ltr'><strong>Namque</strong></span> 
     </span>
     <span class='ocr_line' id='line_1_7' title="bbox 196 1233 1344 1326; baseline 0.003 -23"><span class='ocrx_word' id='word_1_41' title='bbox 196 1233 289 1303; x_wconf 77' lang='lat' dir='ltr'><strong>(iloto</strong></span> <span class='ocrx_word' id='word_1_42' title='bbox 323 1248 356 1302; x_wconf 88' lang='lat' dir='ltr'><strong>ot</strong></span> <span class='ocrx_word' id='word_1_43' title='bbox 391 1235 558 1315; x_wconf 87' lang='lat' dir='ltr'><strong>Bndotria,</strong></span> <span class='ocrx_word' id='word_1_44' title='bbox 583 1235 697 1302; x_wconf 78' lang='lat' dir='ltr'><strong>diversi</strong></span> <span class='ocrx_word' id='word_1_45' title='bbox 719 1237 813 1302; x_wconf 84' lang='lat' dir='ltr'><strong>maris</strong></span> <span class='ocrx_word' id='word_1_46' title='bbox 837 1235 976 1302; x_wconf 78' lang='lat' dir='ltr'><strong>aestibus</strong></span> <span class='ocrx_word' id='word_1_47' title='bbox 997 1259 1054 1326; x_wconf 85' lang='lat' dir='ltr'><strong>per</strong></span> <span class='ocrx_word' id='word_1_48' title='bbox 1077 1239 1269 1306; x_wconf 87' lang='lat' dir='ltr'><strong>immensum</strong></span> <span class='ocrx_word' id='word_1_49' title='bbox 1293 1263 1344 1306; x_wconf 90' lang='lat' dir='ltr'><strong>re·</strong></span> 
     </span>
     <span class='ocr_line' id='line_1_8' title="bbox 192 1339 1341 1434; baseline 0.001 -24"><span class='ocrx_word' id='word_1_50' title='bbox 192 1355 325 1421; x_wconf 73' lang='lat' dir='ltr'><strong>vectos,</strong></span> <span class='ocrx_word' id='word_1_51' title='bbox 350 1352 483 1431; x_wconf 78' lang='lat' dir='ltr'><strong>angusto</strong></span> <span class='ocrx_word' id='word_1_52' title='bbox 506 1352 663 1408; x_wconf 86' lang='lat' dir='ltr'><strong>terrarum</strong></span> <span class='ocrx_word' id='word_1_53' title='bbox 695 1341 795 1430; x_wconf 89' lang='lat' dir='ltr'><strong>spatio</strong></span> <span class='ocrx_word' id='word_1_54' title='bbox 814 1339 1029 1420; x_wconf 88' lang='lat' dir='ltr'><strong>dirimuntur,</strong></span> <span class='ocrx_word' id='word_1_55' title='bbox 1056 1341 1142 1432; x_wconf 88' lang='lat' dir='ltr'><strong>quod</strong></span> <span class='ocrx_word' id='word_1_56' title='bbox 1167 1355 1236 1410; x_wconf 90' lang='lat' dir='ltr'><strong>tum</strong></span> <span class='ocrx_word' id='word_1_57' title='bbox 1248 1366 1341 1434; x_wconf 87' lang='lat' dir='ltr'><strong>prse-</strong></span> 
     </span>
    </p>
   </div>
   <div class='ocr_carea' id='block_1_3' title="bbox 194 1447 1344 1619">
    <p class='ocr_par' dir='ltr' id='par_1_4' title="bbox 194 1447 1344 1619">
     <span class='ocr_line' id='line_1_9' title="bbox 194 1447 1344 1536; baseline 0.002 -20"><span class='ocrx_word' id='word_1_58' title='bbox 194 1447 282 1516; x_wconf 87' lang='lat' dir='ltr'><strong>sidiis</strong></span> <span class='ocrx_word' id='word_1_59' title='bbox 312 1447 518 1526; x_wconf 60' lang='lat' dir='ltr'><strong>{innobatum</strong></span> <span class='ocrx_word' id='word_1_60' title='bbox 545 1459 642 1536; x_wconf 80' lang='lat' dir='ltr'><strong>atquo</strong></span> <span class='ocrx_word' id='word_1_61' title='bbox 665 1447 768 1512; x_wconf 87' lang='lat' dir='ltr'><strong>omnis</strong></span> <span class='ocrx_word' id='word_1_62' title='bbox 789 1447 917 1536; x_wconf 87' lang='lat' dir='ltr'>propior</span> <span class='ocrx_word' id='word_1_63' title='bbox 935 1447 1022 1514; x_wconf 88' lang='lat' dir='ltr'><strong>sinus</strong></span> <span class='ocrx_word' id='word_1_64' title='bbox 1045 1447 1234 1526; x_wconf 82' lang='lat' dir='ltr'><strong>tenebatur,</strong></span> <span class='ocrx_word' id='word_1_65' title='bbox 1260 1471 1344 1518; x_wconf 89' lang='lat' dir='ltr'><strong>sum·</strong></span> 
     </span>
     <span class='ocr_line' id='line_1_10' title="bbox 195 1551 913 1619; baseline -0.001 0"><span class='ocrx_word' id='word_1_66' title='bbox 195 1555 290 1619; x_wconf 89' lang='lat' dir='ltr'><strong>motis</strong></span> <span class='ocrx_word' id='word_1_67' title='bbox 310 1552 397 1618; x_wconf 83' lang='lat' dir='ltr'><strong>velut</strong></span> <span class='ocrx_word' id='word_1_68' title='bbox 420 1553 453 1616; x_wconf 87' lang='lat' dir='ltr'><strong>in</strong></span> <span class='ocrx_word' id='word_1_69' title='bbox 475 1552 570 1617; x_wconf 82' lang='lat' dir='ltr'><strong>sliam</strong></span> <span class='ocrx_word' id='word_1_70' title='bbox 595 1552 733 1617; x_wconf 85' lang='lat' dir='ltr'><strong>insulnnr</strong></span> <span class='ocrx_word' id='word_1_71' title='bbox 756 1551 913 1619; x_wconf 83' lang='lat' dir='ltr'><strong>hostibus.</strong></span> 
     </span>
    </p>
   </div>
   <div class='ocr_carea' id='block_1_4' title="bbox 247 1655 1345 1754">
    <p class='ocr_par' dir='ltr' id='par_1_5' title="bbox 247 1655 1345 1754">
     <span class='ocr_line' id='line_1_11' title="bbox 247 1655 1345 1754; baseline 0 -30"><span class='ocrx_word' id='word_1_72' title='bbox 247 1655 365 1724; x_wconf 79' lang='lat' dir='ltr'><strong>mv,</strong></span> <span class='ocrx_word' id='word_1_73' title='bbox 404 1657 523 1742; x_wconf 76' lang='lat' dir='ltr'><strong>Quinto</strong></span> <span class='ocrx_word' id='word_1_74' title='bbox 558 1656 795 1746; x_wconf 83' lang='lat' dir='ltr'><strong>expeditionum</strong></span> <span class='ocrx_word' id='word_1_75' title='bbox 832 1680 914 1723; x_wconf 83' lang='lat' dir='ltr'><strong>enno</strong></span> <span class='ocrx_word' id='word_1_76' title='bbox 948 1680 1027 1724; x_wconf 82' lang='lat' dir='ltr'><strong>nure</strong></span> <span class='ocrx_word' id='word_1_77' title='bbox 1050 1659 1152 1754; x_wconf 83' lang='lat' dir='ltr'><strong>primo</strong></span> <span class='ocrx_word' id='word_1_78' title='bbox 1178 1671 1345 1750; x_wconf 78' lang='lat' dir='ltr'><strong>transgres-</strong></span> 
     </span>
    </p>
   </div>
   <div class='ocr_carea' id='block_1_5' title="bbox 194 1943 1352 4526">
    <p class='ocr_par' dir='ltr' id='par_1_6' title="bbox 194 1943 1349 2342">
     <span class='ocr_line' id='line_1_12' title="bbox 195 1943 1347 2012; baseline 0.003 -16"><span class='ocrx_word' id='word_1_79' title='bbox 195 1943 272 2005; x_wconf 77' lang='lat' dir='ltr'><strong>sitit,</strong></span> <span class='ocrx_word' id='word_1_80' title='bbox 294 1959 348 1994; x_wconf 83' lang='lat' dir='ltr'><strong>eust</strong></span> <span class='ocrx_word' id='word_1_81' title='bbox 363 1944 431 1996; x_wconf 87' lang='lat' dir='ltr'><strong>obsit</strong></span> <span class='ocrx_word' id='word_1_82' title='bbox 446 1943 593 2006; x_wconf 76' lang='lat' dir='ltr'><strong>iracundia,</strong></span> <span class='ocrx_word' id='word_1_83' title='bbox 610 1943 693 1996; x_wconf 79' lang='lat' dir='ltr'><strong>dicere</strong></span> <span class='ocrx_word' id='word_1_84' title='bbox 709 1961 746 1996; x_wconf 86' lang='lat' dir='ltr'><strong>so·</strong></span> <span class='ocrx_word' id='word_1_85' title='bbox 794 1955 834 1996; x_wconf 79' lang='lat' dir='ltr'><strong>tor</strong></span> <span class='ocrx_word' id='word_1_86' title='bbox 850 1945 918 2012; x_wconf 73' lang='lat' dir='ltr'><strong>suit</strong></span> <span class='ocrx_word' id='word_1_87' title='bbox 945 1945 1041 1998; x_wconf 77' lang='lat' dir='ltr'><strong>Annal.</strong></span> <span class='ocrx_word' id='word_1_88' title='bbox 1068 1948 1107 1998; x_wconf 83' lang='lat' dir='ltr'><strong>II.</strong></span> <span class='ocrx_word' id='word_1_89' title='bbox 1134 1953 1174 1998; x_wconf 84' lang='lat' dir='ltr'><strong>st.</strong></span> <span class='ocrx_word' id='word_1_90' title='bbox 1201 1947 1286 2000; x_wconf 75' lang='lat' dir='ltr'><strong>Solam</strong></span> <span class='ocrx_word' id='word_1_91' title='bbox 1312 1949 1347 2000; x_wconf 82' lang='lat' dir='ltr'><strong>t&#39;u·</strong></span> 
     </span>
     <span class='ocr_line' id='line_1_13' title="bbox 196 2025 1344 2094; baseline 0.003 -18"><span class='ocrx_word' id='word_1_92' title='bbox 196 2025 259 2084; x_wconf 81' lang='lat' dir='ltr'><strong>lent,</strong></span> <span class='ocrx_word' id='word_1_93' title='bbox 277 2033 300 2076; x_wconf 85' lang='lat' dir='ltr'><strong>ts</strong></span> <span class='ocrx_word' id='word_1_94' title='bbox 310 2025 376 2088; x_wconf 84' lang='lat' dir='ltr'><strong>fieri</strong></span> <span class='ocrx_word' id='word_1_95' title='bbox 388 2041 464 2090; x_wconf 77' lang='lat' dir='ltr'><strong>poste</strong></span> <span class='ocrx_word' id='word_1_96' title='bbox 479 2025 626 2083; x_wconf 58' lang='lat' dir='ltr'><strong>incondium</strong></span> <span class='ocrx_word' id='word_1_97' title='bbox 642 2026 747 2078; x_wconf 79' lang='lat' dir='ltr'><strong>sedeunt</strong></span> <span class='ocrx_word' id='word_1_98' title='bbox 792 2026 952 2078; x_wconf 78' lang='lat' dir='ltr'><strong>ternseiooorn</strong></span> <span class='ocrx_word' id='word_1_99' title='bbox 983 2026 1064 2092; x_wconf 68' lang='lat' dir='ltr'><strong>pentir</strong></span> <span class='ocrx_word' id='word_1_100' title='bbox 1089 2027 1151 2078; x_wconf 76' lang='lat' dir='ltr'><strong>teta</strong></span> <span class='ocrx_word' id='word_1_101' title='bbox 1170 2029 1250 2092; x_wconf 73' lang='lat' dir='ltr'><strong>finon</strong></span> <span class='ocrx_word' id='word_1_102' title='bbox 1269 2030 1344 2094; x_wconf 81' lang='lat' dir='ltr'><strong>sore.</strong></span> 
     </span>
     <span class='ocr_line' id='line_1_14' title="bbox 196 2105 1348 2172; baseline 0.004 -15"><span class='ocrx_word' id='word_1_103' title='bbox 196 2115 222 2158; x_wconf 80' lang='lat' dir='ltr'><strong>ts</strong></span> <span class='ocrx_word' id='word_1_104' title='bbox 243 2106 352 2158; x_wconf 70' lang='lat' dir='ltr'><strong>oderim</strong></span> <span class='ocrx_word' id='word_1_105' title='bbox 376 2105 522 2172; x_wconf 81' lang='lat' dir='ltr'><strong>improbitas</strong></span> <span class='ocrx_word' id='word_1_106' title='bbox 543 2107 747 2172; x_wconf 70' lang='lat' dir='ltr'><strong>perversitasque</strong></span> <span class='ocrx_word' id='word_1_107' title='bbox 792 2109 883 2159; x_wconf 86' lang='lat' dir='ltr'><strong>Horat.</strong></span> <span class='ocrx_word' id='word_1_108' title='bbox 910 2105 987 2160; x_wconf 80' lang='lat' dir='ltr'><strong>Satis.</strong></span> <span class='ocrx_word' id='word_1_109' title='bbox 1012 2109 1036 2160; x_wconf 88' lang='grc' dir='ltr'><strong>Ι.</strong></span> <span class='ocrx_word' id='word_1_110' title='bbox 1061 2123 1089 2160; x_wconf 83' lang='lat' dir='ltr'><strong>v.</strong></span> <span class='ocrx_word' id='word_1_111' title='bbox 1109 2114 1164 2160; x_wconf 79' lang='lat'>104.</span> <span class='ocrx_word' id='word_1_112' title='bbox 1181 2107 1348 2162; x_wconf 80' lang='lat' dir='ltr'><strong>Brundisium</strong></span> 
     </span>
     <span class='ocr_line' id='line_1_15' title="bbox 194 2187 1347 2257; baseline 0.009 -20"><span class='ocrx_word' id='word_1_113' title='bbox 194 2187 362 2248; x_wconf 69' lang='lat' dir='ltr'><strong>consorores-it,</strong></span> <span class='ocrx_word' id='word_1_114' title='bbox 379 2187 416 2238; x_wconf 82' lang='lat' dir='ltr'><strong>sie</strong></span> <span class='ocrx_word' id='word_1_115' title='bbox 434 2196 458 2237; x_wconf 82' lang='lat' dir='ltr'><strong>tt</strong></span> <span class='ocrx_word' id='word_1_116' title='bbox 473 2187 554 2238; x_wconf 79' lang='lat' dir='ltr'><strong>animo</strong></span> <span class='ocrx_word' id='word_1_117' title='bbox 570 2189 703 2250; x_wconf 75' lang='lat' dir='ltr'><strong>concitari,</strong></span> <span class='ocrx_word' id='word_1_118' title='bbox 720 2197 748 2241; x_wconf 85' lang='lat' dir='ltr'><strong>ut</strong></span> <span class='ocrx_word' id='word_1_119' title='bbox 792 2188 879 2254; x_wconf 67' lang='lat' dir='ltr'><strong>usqae</strong></span> <span class='ocrx_word' id='word_1_120' title='bbox 898 2189 964 2253; x_wconf 79' lang='lat' dir='ltr'><strong>finis</strong></span> <span class='ocrx_word' id='word_1_121' title='bbox 985 2189 1137 2255; x_wconf 74' lang='lat' dir='ltr'><strong>chartaeque</strong></span> <span class='ocrx_word' id='word_1_122' title='bbox 1151 2191 1265 2257; x_wconf 65' lang='lat' dir='ltr'><strong>vinem.</strong></span> <span class='ocrx_word' id='word_1_123' title='bbox 1284 2192 1347 2246; x_wconf 81' lang='lat' dir='ltr'><strong>eur·</strong></span> 
     </span>
     <span class='ocr_line' id='line_1_16' title="bbox 194 2267 1349 2342; baseline 0.006 -22"><span class='ocrx_word' id='word_1_124' title='bbox 194 2270 229 2320; x_wconf 89' lang='lat' dir='ltr'><strong>ob</strong></span> <span class='ocrx_word' id='word_1_125' title='bbox 244 2269 353 2320; x_wconf 66' lang='lat' dir='ltr'><strong>motos</strong></span> <span class='ocrx_word' id='word_1_126' title='bbox 369 2275 413 2318; x_wconf 81' lang='lat' dir='ltr'><strong>too</strong></span> <span class='ocrx_word' id='word_1_127' title='bbox 429 2267 583 2320; x_wconf 64' lang='lat' dir='ltr'><strong>deridentur</strong></span> <span class='ocrx_word' id='word_1_128' title='bbox 599 2269 746 2322; x_wconf 63' lang='lat' dir='ltr'><strong>ltumoutos.</strong></span> <span class='ocrx_word' id='word_1_129' title='bbox 792 2270 842 2320; x_wconf 87' lang='lat' dir='ltr'><strong>tina</strong></span> <span class='ocrx_word' id='word_1_130' title='bbox 858 2269 910 2320; x_wconf 90' lang='lat' dir='ltr'><strong>1v.</strong></span> <span class='ocrx_word' id='word_1_131' title='bbox 929 2275 969 2322; x_wconf 89' lang='lat'><strong>11.</strong></span> <span class='ocrx_word' id='word_1_132' title='bbox 993 2270 1132 2337; x_wconf 71' lang='lat' dir='ltr'><strong>Utriusque</strong></span> <span class='ocrx_word' id='word_1_133' title='bbox 1148 2275 1262 2326; x_wconf 72' lang='lat' dir='ltr'><strong>tornines</strong></span> <span class='ocrx_word' id='word_1_134' title='bbox 1277 2276 1349 2342; x_wconf 74' lang='lat' dir='ltr'><strong>reyna’</strong></span> 
     </span>
    </p>

    <p class='ocr_par' dir='ltr' id='par_1_7' title="bbox 195 2351 1351 4200">
     <span class='ocr_line' id='line_1_17' title="bbox 230 2351 1344 2420; baseline 0.002 -15"><span class='ocrx_word' id='word_1_135' title='bbox 230 2353 357 2405; x_wconf 61' lang='lat' dir='ltr'><strong>&amp;aarum</strong></span> <span class='ocrx_word' id='word_1_136' title='bbox 373 2360 401 2404; x_wconf 90' lang='lat' dir='ltr'><strong>ut</strong></span> <span class='ocrx_word' id='word_1_137' title='bbox 417 2351 540 2404; x_wconf 67' lang='lat' dir='ltr'><strong>omnum</strong></span> <span class='ocrx_word' id='word_1_138' title='bbox 556 2352 610 2403; x_wconf 81' lang='lat' dir='ltr'><strong>eius</strong></span> <span class='ocrx_word' id='word_1_139' title='bbox 627 2353 747 2403; x_wconf 81' lang='lat' dir='ltr'><strong>nontime-</strong></span> <span class='ocrx_word' id='word_1_140' title='bbox 793 2351 822 2402; x_wconf 78' lang='lat' dir='ltr'><strong>td</strong></span> <span class='ocrx_word' id='word_1_141' title='bbox 837 2367 954 2416; x_wconf 72' lang='lat' dir='ltr'><strong>quosque</strong></span> <span class='ocrx_word' id='word_1_142' title='bbox 970 2352 1123 2413; x_wconf 79' lang='lat' dir='ltr'><strong>habiturum,</strong></span> <span class='ocrx_word' id='word_1_143' title='bbox 1141 2354 1344 2420; x_wconf 76' lang='lat' dir='ltr'><strong>quodproxt&#39;mos</strong></span> 
     </span>
     <span class='ocr_line' id='line_1_18' title="bbox 195 2425 1346 2500; baseline 0.001 -15"><span class='ocrx_word' id='word_1_144' title='bbox 195 2452 247 2486; x_wconf 82' lang='lat' dir='ltr'><strong>res.</strong></span> <span class='ocrx_word' id='word_1_145' title='bbox 281 2436 326 2487; x_wconf 82' lang='lat' dir='ltr'><strong>Sin</strong></span> <span class='ocrx_word' id='word_1_146' title='bbox 350 2437 377 2486; x_wconf 90' lang='lat' dir='ltr'><strong>in</strong></span> <span class='ocrx_word' id='word_1_147' title='bbox 396 2434 481 2486; x_wconf 81' lang='lat' dir='ltr'><strong>Votis.</strong></span> <span class='ocrx_word' id='word_1_148' title='bbox 498 2435 652 2486; x_wconf 81' lang='lat' dir='ltr'><strong>Pntsolsnns</strong></span> <span class='ocrx_word' id='word_1_149' title='bbox 669 2447 748 2485; x_wconf 83' lang='lat' dir='ltr'><strong>eorre-</strong></span> <span class='ocrx_word' id='word_1_150' title='bbox 794 2432 856 2484; x_wconf 82' lang='lat' dir='ltr'><strong>loes&#39;s</strong></span> <span class='ocrx_word' id='word_1_151' title='bbox 875 2425 988 2498; x_wconf 79' lang='lat' dir='ltr'><strong>sos-tuso</strong></span> <span class='ocrx_word' id='word_1_152' title='bbox 1011 2436 1175 2499; x_wconf 72' lang='lat' dir='ltr'><strong>ossipnotoro</strong></span> <span class='ocrx_word' id='word_1_153' title='bbox 1199 2443 1245 2488; x_wconf 78' lang='lat' dir='ltr'><strong>est.</strong></span> <span class='ocrx_word' id='word_1_154' title='bbox 1285 2436 1346 2500; x_wconf 84' lang='lat' dir='ltr'><strong>Ipso</strong></span> 
     </span>
     <span class='ocr_line' id='line_1_19' title="bbox 195 2515 1345 2580; baseline 0 -12"><span class='ocrx_word' id='word_1_155' title='bbox 195 2519 250 2568; x_wconf 77' lang='lat' dir='ltr'><strong>xits</strong></span> <span class='ocrx_word' id='word_1_156' title='bbox 274 2525 393 2568; x_wconf 76' lang='lat' dir='ltr'><strong>secretum</strong></span> <span class='ocrx_word' id='word_1_157' title='bbox 418 2523 443 2565; x_wconf 87' lang='lat' dir='ltr'><strong>et</strong></span> <span class='ocrx_word' id='word_1_158' title='bbox 467 2515 597 2566; x_wconf 80' lang='lat' dir='ltr'><strong>sitentium.</strong></span> <span class='ocrx_word' id='word_1_159' title='bbox 631 2515 748 2566; x_wconf 78' lang='lat' dir='ltr'><strong>Heinsius</strong></span> <span class='ocrx_word' id='word_1_160' title='bbox 793 2515 929 2566; x_wconf 76' lang='lat' dir='ltr'><strong>Britannis</strong></span> <span class='ocrx_word' id='word_1_161' title='bbox 970 2529 1024 2566; x_wconf 83' lang='lat' dir='ltr'><strong>essa</strong></span> <span class='ocrx_word' id='word_1_162' title='bbox 1061 2517 1182 2580; x_wconf 76' lang='lat' dir='ltr'><strong>potuisset</strong></span> <span class='ocrx_word' id='word_1_163' title='bbox 1214 2516 1345 2568; x_wconf 77' lang='lat' dir='ltr'><strong>terminus.</strong></span> 
     </span>
     <span class='ocr_line' id='line_1_20' title="bbox 195 2594 1347 2661; baseline 0 -11"><span class='ocrx_word' id='word_1_164' title='bbox 195 2599 299 2650; x_wconf 87' lang='lat' dir='ltr'><strong>ooniieit</strong></span> <span class='ocrx_word' id='word_1_165' title='bbox 321 2598 361 2648; x_wconf 82' lang='lat' dir='ltr'><strong>sel</strong></span> <span class='ocrx_word' id='word_1_166' title='bbox 374 2596 507 2648; x_wconf 76' lang='lat' dir='ltr'><strong>silentium.</strong></span> <span class='ocrx_word' id='word_1_167' title='bbox 529 2597 697 2648; x_wconf 83' lang='lat' dir='ltr'><strong>Doederlinns</strong></span> <span class='ocrx_word' id='word_1_168' title='bbox 713 2597 749 2646; x_wconf 82' lang='lat' dir='ltr'><strong>oi·</strong></span> <span class='ocrx_word' id='word_1_169' title='bbox 793 2594 915 2658; x_wconf 78' lang='lat' dir='ltr'><strong>Agricola</strong></span> <span class='ocrx_word' id='word_1_170' title='bbox 930 2595 957 2646; x_wconf 92' lang='lat' dir='ltr'><strong>in</strong></span> <span class='ocrx_word' id='word_1_171' title='bbox 973 2595 1065 2646; x_wconf 85' lang='lat' dir='ltr'><strong>finibus</strong></span> <span class='ocrx_word' id='word_1_172' title='bbox 1081 2597 1201 2661; x_wconf 83' lang='lat' dir='ltr'><strong>potuisset</strong></span> <span class='ocrx_word' id='word_1_173' title='bbox 1214 2598 1347 2650; x_wconf 75' lang='lat' dir='ltr'><strong>subsistere</strong></span> 
     </span>
     <span class='ocr_line' id='line_1_21' title="bbox 197 2677 1346 2744; baseline 0 -12"><span class='ocrx_word' id='word_1_174' title='bbox 197 2681 316 2744; x_wconf 76' lang='lat' dir='ltr'><strong>stinguits</strong></span> <span class='ocrx_word' id='word_1_175' title='bbox 336 2677 400 2730; x_wconf 68' lang='lat' dir='ltr'><strong>stitit</strong></span> <span class='ocrx_word' id='word_1_176' title='bbox 415 2687 548 2744; x_wconf 81' lang='lat' dir='ltr'><strong>supererat</strong></span> <span class='ocrx_word' id='word_1_177' title='bbox 572 2685 704 2738; x_wconf 77' lang='lat' dir='ltr'><strong>secretum,</strong></span> <span class='ocrx_word' id='word_1_178' title='bbox 721 2685 750 2726; x_wconf 85' lang='lat' dir='ltr'><strong>ot</strong></span> <span class='ocrx_word' id='word_1_179' title='bbox 794 2691 841 2728; x_wconf 89' lang='lat' dir='ltr'><strong>neo</strong></span> <span class='ocrx_word' id='word_1_180' title='bbox 856 2678 984 2728; x_wconf 73' lang='lat' dir='ltr'><strong>transiisse</strong></span> <span class='ocrx_word' id='word_1_181' title='bbox 1000 2677 1027 2728; x_wconf 89' lang='lat' dir='ltr'><strong>in</strong></span> <span class='ocrx_word' id='word_1_182' title='bbox 1044 2678 1121 2730; x_wconf 84' lang='lat' dir='ltr'><strong>slisrn</strong></span> <span class='ocrx_word' id='word_1_183' title='bbox 1137 2679 1206 2730; x_wconf 85' lang='lat' dir='ltr'><strong>volnt</strong></span> <span class='ocrx_word' id='word_1_184' title='bbox 1222 2680 1346 2741; x_wconf 79' lang='lat' dir='ltr'><strong>insulem,</strong></span> 
     </span>
     <span class='ocr_line' id='line_1_22' title="bbox 199 2757 1346 2824; baseline -0.001 -11"><span class='ocrx_word' id='word_1_185' title='bbox 199 2761 322 2813; x_wconf 78' lang='lat' dir='ltr'><strong>silentium</strong></span> <span class='ocrx_word' id='word_1_186' title='bbox 348 2760 402 2810; x_wconf 85' lang='lat' dir='ltr'><strong>eius</strong></span> <span class='ocrx_word' id='word_1_187' title='bbox 418 2776 465 2810; x_wconf 82' lang='lat' dir='ltr'><strong>ooo</strong></span> <span class='ocrx_word' id='word_1_188' title='bbox 482 2761 587 2810; x_wconf 77' lang='lat' dir='ltr'><strong>timeres.</strong></span> <span class='ocrx_word' id='word_1_189' title='bbox 613 2761 655 2810; x_wconf 88' lang='lat' dir='ltr'><strong>Ita</strong></span> <span class='ocrx_word' id='word_1_190' title='bbox 672 2759 750 2812; x_wconf 87' lang='lat' dir='ltr'><strong>edidit</strong></span> <span class='ocrx_word' id='word_1_191' title='bbox 796 2757 973 2821; x_wconf 70' lang='lat' dir='ltr'><strong>Caledoniam,</strong></span> <span class='ocrx_word' id='word_1_192' title='bbox 997 2760 1025 2812; x_wconf 92' lang='lat' dir='ltr'><strong>in</strong></span> <span class='ocrx_word' id='word_1_193' title='bbox 1049 2763 1104 2824; x_wconf 89' lang='lat' dir='ltr'><strong>ipso</strong></span> <span class='ocrx_word' id='word_1_194' title='bbox 1121 2760 1270 2812; x_wconf 69' lang='lat' dir='ltr'><strong>Britannias</strong></span> <span class='ocrx_word' id='word_1_195' title='bbox 1294 2761 1346 2812; x_wconf 80' lang='lat' dir='ltr'><strong>sne</strong></span> 
     </span>
     <span class='ocr_line' id='line_1_23' title="bbox 200 2841 1345 2906; baseline -0.003 -12"><span class='ocrx_word' id='word_1_196' title='bbox 200 2844 322 2894; x_wconf 72' lang='lat' dir='ltr'><strong>Kritrdus.</strong></span> <span class='ocrx_word' id='word_1_197' title='bbox 340 2841 450 2894; x_wconf 81' lang='lat' dir='ltr'><strong>stins</strong></span> <span class='ocrx_word' id='word_1_198' title='bbox 465 2843 577 2906; x_wconf 85' lang='lat' dir='ltr'><strong>sequitur</strong></span> <span class='ocrx_word' id='word_1_199' title='bbox 594 2842 657 2892; x_wconf 82' lang='lat' dir='ltr'><strong>Mas.</strong></span> <span class='ocrx_word' id='word_1_200' title='bbox 674 2848 700 2892; x_wconf 86' lang='lat' dir='ltr'><strong>ot</strong></span> <span class='ocrx_word' id='word_1_201' title='bbox 712 2843 749 2892; x_wconf 87' lang='lat' dir='ltr'><strong>in·</strong></span> <span class='ocrx_word' id='word_1_202' title='bbox 796 2841 968 2904; x_wconf 81' lang='lat' dir='ltr'><strong>expeditiones</strong></span> <span class='ocrx_word' id='word_1_203' title='bbox 992 2842 1142 2901; x_wconf 66' lang='lat' dir='ltr'><strong>terminum</strong></span> <span class='ocrx_word' id='word_1_204' title='bbox 1168 2842 1286 2894; x_wconf 80' lang='lat' dir='ltr'><strong>sirirtns</strong></span> <span class='ocrx_word' id='word_1_205' title='bbox 1302 2856 1345 2892; x_wconf 86' lang='lat' dir='ltr'><strong>ex·</strong></span> 
     </span>
     <span class='ocr_line' id='line_1_24' title="bbox 200 2921 1348 2990; baseline -0.001 -15"><span class='ocrx_word' id='word_1_206' title='bbox 200 2929 364 2990; x_wconf 71' lang='lat' dir='ltr'><strong>terpretetur,</strong></span> <span class='ocrx_word' id='word_1_207' title='bbox 388 2921 427 2974; x_wconf 81' lang='lat' dir='ltr'><strong>ito</strong></span> <span class='ocrx_word' id='word_1_208' title='bbox 451 2931 480 2974; x_wconf 83' lang='lat' dir='ltr'><strong>ut</strong></span> <span class='ocrx_word' id='word_1_209' title='bbox 495 2939 542 2972; x_wconf 83' lang='lat' dir='ltr'><strong>son</strong></span> <span class='ocrx_word' id='word_1_210' title='bbox 559 2921 655 2973; x_wconf 68' lang='lat' dir='ltr'><strong>umora</strong></span> <span class='ocrx_word' id='word_1_211' title='bbox 672 2937 749 2972; x_wconf 78' lang='lat' dir='ltr'><strong>seore-</strong></span> <span class='ocrx_word' id='word_1_212' title='bbox 795 2923 918 2973; x_wconf 86' lang='lat' dir='ltr'><strong>areitnnm</strong></span> <span class='ocrx_word' id='word_1_213' title='bbox 941 2936 1045 2972; x_wconf 73' lang='lat' dir='ltr'><strong>morum</strong></span> <span class='ocrx_word' id='word_1_214' title='bbox 1068 2929 1094 2972; x_wconf 85' lang='lat' dir='ltr'><strong>et</strong></span> <span class='ocrx_word' id='word_1_215' title='bbox 1111 2923 1221 2974; x_wconf 72' lang='lat' dir='ltr'><strong>Romani</strong></span> <span class='ocrx_word' id='word_1_216' title='bbox 1237 2924 1348 2974; x_wconf 86' lang='lat' dir='ltr'><strong>nominis</strong></span> 
     </span>
     <span class='ocr_line' id='line_1_25' title="bbox 199 3001 1348 3071; baseline -0.001 -16"><span class='ocrx_word' id='word_1_217' title='bbox 199 3014 249 3055; x_wconf 80' lang='lat' dir='ltr'><strong>tom</strong></span> <span class='ocrx_word' id='word_1_218' title='bbox 281 3003 407 3054; x_wconf 71' lang='lat' dir='ltr'><strong>stanuum</strong></span> <span class='ocrx_word' id='word_1_219' title='bbox 431 3003 501 3064; x_wconf 80' lang='lat' dir='ltr'><strong>sios,</strong></span> <span class='ocrx_word' id='word_1_220' title='bbox 529 3004 666 3071; x_wconf 73' lang='grc' dir='ltr'><strong>κρυφαίαν</strong></span> <span class='ocrx_word' id='word_1_221' title='bbox 688 3003 751 3052; x_wconf 66' lang='grc' dir='ltr'><strong>τινὰ</strong></span> <span class='ocrx_word' id='word_1_222' title='bbox 795 3003 876 3065; x_wconf 82' lang='lat' dir='ltr'><strong>glorie</strong></span> <span class='ocrx_word' id='word_1_223' title='bbox 899 3007 1050 3065; x_wconf 83' lang='lat' dir='ltr'><strong>potarentur.</strong></span> <span class='ocrx_word' id='word_1_224' title='bbox 1083 3001 1135 3052; x_wconf 84' lang='lat' dir='ltr'><strong>Sed</strong></span> <span class='ocrx_word' id='word_1_225' title='bbox 1151 3017 1204 3052; x_wconf 91' lang='lat' dir='ltr'><strong>non</strong></span> <span class='ocrx_word' id='word_1_226' title='bbox 1220 3003 1348 3064; x_wconf 81' lang='lat' dir='ltr'><strong>potieban-</strong></span> 
     </span>
     <span class='ocr_line' id='line_1_26' title="bbox 198 3081 1349 3150; baseline -0.003 -15"><span class='ocrx_word' id='word_1_227' title='bbox 198 3085 288 3136; x_wconf 71' lang='grc' dir='ltr'><strong>αὐτοῦ</strong></span> <span class='ocrx_word' id='word_1_228' title='bbox 315 3085 402 3150; x_wconf 65' lang='grc' dir='ltr'><strong>σιγήν.</strong></span> <span class='ocrx_word' id='word_1_229' title='bbox 427 3091 495 3135; x_wconf 84' lang='lat' dir='ltr'><strong>rsots</strong></span> <span class='ocrx_word' id='word_1_230' title='bbox 520 3086 622 3150; x_wconf 86' lang='lat' dir='ltr'><strong>insuper</strong></span> <span class='ocrx_word' id='word_1_231' title='bbox 646 3091 749 3144; x_wconf 86' lang='lat' dir='ltr'><strong>monet,</strong></span> <span class='ocrx_word' id='word_1_232' title='bbox 795 3089 848 3132; x_wconf 85' lang='lat' dir='ltr'><strong>tur:</strong></span> <span class='ocrx_word' id='word_1_233' title='bbox 865 3095 925 3132; x_wconf 86' lang='lat' dir='ltr'><strong>suos</strong></span> <span class='ocrx_word' id='word_1_234' title='bbox 941 3082 1036 3144; x_wconf 81' lang='lat' dir='ltr'><strong>glories</strong></span> <span class='ocrx_word' id='word_1_235' title='bbox 1052 3081 1218 3141; x_wconf 69' lang='lat' dir='ltr'><strong>ssusfoeeet,</strong></span> <span class='ocrx_word' id='word_1_236' title='bbox 1235 3083 1349 3132; x_wconf 85' lang='lat' dir='ltr'><strong>nondum</strong></span> 
     </span>
     <span class='ocr_line' id='line_1_27' title="bbox 201 3161 1347 3231; baseline -0.001 -15"><span class='ocrx_word' id='word_1_237' title='bbox 201 3167 349 3231; x_wconf 67' lang='lat' dir='ltr'><strong>Agonalem</strong></span> <span class='ocrx_word' id='word_1_238' title='bbox 373 3181 425 3216; x_wconf 89' lang='lat' dir='ltr'><strong>non</strong></span> <span class='ocrx_word' id='word_1_239' title='bbox 450 3167 560 3226; x_wconf 81' lang='lat' dir='ltr'><strong>siluisse,</strong></span> <span class='ocrx_word' id='word_1_240' title='bbox 586 3173 611 3218; x_wconf 87' lang='lat' dir='ltr'><strong>et</strong></span> <span class='ocrx_word' id='word_1_241' title='bbox 633 3166 751 3216; x_wconf 81' lang='lat' dir='ltr'><strong>Tseitum</strong></span> <span class='ocrx_word' id='word_1_242' title='bbox 794 3169 824 3212; x_wconf 91' lang='lat' dir='ltr'><strong>ut</strong></span> <span class='ocrx_word' id='word_1_243' title='bbox 851 3163 966 3226; x_wconf 87' lang='lat' dir='ltr'><strong>putabat,</strong></span> <span class='ocrx_word' id='word_1_244' title='bbox 989 3162 1087 3226; x_wconf 76' lang='lat' dir='ltr'><strong>glories</strong></span> <span class='ocrx_word' id='word_1_245' title='bbox 1103 3161 1213 3214; x_wconf 75' lang='lat' dir='ltr'><strong>Romani</strong></span> <span class='ocrx_word' id='word_1_246' title='bbox 1229 3163 1347 3216; x_wconf 85' lang='lat' dir='ltr'><strong>nominis.</strong></span> 
     </span>
     <span class='ocr_line' id='line_1_28' title="bbox 199 3243 1349 3312; baseline -0.001 -15"><span class='ocrx_word' id='word_1_247' title='bbox 199 3254 328 3312; x_wconf 71' lang='lat' dir='ltr'><strong>pinoteren</strong></span> <span class='ocrx_word' id='word_1_248' title='bbox 347 3248 428 3311; x_wconf 84' lang='lat' dir='ltr'><strong>potins</strong></span> <span class='ocrx_word' id='word_1_249' title='bbox 444 3247 570 3298; x_wconf 80' lang='lat' dir='ltr'><strong>dicturum</strong></span> <span class='ocrx_word' id='word_1_250' title='bbox 585 3247 662 3298; x_wconf 79' lang='lat' dir='ltr'><strong>tuisse</strong></span> <span class='ocrx_word' id='word_1_251' title='bbox 678 3247 750 3298; x_wconf 74' lang='lat' dir='ltr'><strong>sileo</strong></span> <span class='ocrx_word' id='word_1_252' title='bbox 796 3245 829 3294; x_wconf 90' lang='lat' dir='ltr'><strong>In</strong></span> <span class='ocrx_word' id='word_1_253' title='bbox 852 3243 935 3310; x_wconf 72' lang='lat' dir='ltr'><strong>yterio</strong></span> <span class='ocrx_word' id='word_1_254' title='bbox 956 3245 1005 3296; x_wconf 84' lang='lat' dir='ltr'><strong>ista</strong></span> <span class='ocrx_word' id='word_1_255' title='bbox 1021 3251 1059 3296; x_wconf 90' lang='lat' dir='ltr'><strong>est</strong></span> <span class='ocrx_word' id='word_1_256' title='bbox 1075 3245 1200 3296; x_wconf 85' lang='lat' dir='ltr'><strong>sententis</strong></span> <span class='ocrx_word' id='word_1_257' title='bbox 1216 3247 1349 3310; x_wconf 74' lang='lat' dir='ltr'><strong>generalis</strong></span> 
     </span>
     <span class='ocr_line' id='line_1_29' title="bbox 200 3323 1349 3391; baseline 0 -13"><span class='ocrx_word' id='word_1_258' title='bbox 200 3329 262 3378; x_wconf 78' lang='lat' dir='ltr'><strong>aiem</strong></span> <span class='ocrx_word' id='word_1_259' title='bbox 289 3335 313 3378; x_wconf 82' lang='lat' dir='ltr'><strong>et</strong></span> <span class='ocrx_word' id='word_1_260' title='bbox 337 3335 469 3387; x_wconf 64' lang='lat' dir='ltr'><strong>remeunt,</strong></span> <span class='ocrx_word' id='word_1_261' title='bbox 493 3328 580 3378; x_wconf 82' lang='lat' dir='ltr'><strong>eddits</strong></span> <span class='ocrx_word' id='word_1_262' title='bbox 603 3329 673 3379; x_wconf 83' lang='lat' dir='ltr'><strong>enirn</strong></span> <span class='ocrx_word' id='word_1_263' title='bbox 688 3341 750 3378; x_wconf 81' lang='lat' dir='ltr'><strong>roos</strong></span> <span class='ocrx_word' id='word_1_264' title='bbox 828 3323 905 3376; x_wconf 81' lang='lat' dir='ltr'><strong>Nove</strong></span> <span class='ocrx_word' id='word_1_265' title='bbox 927 3325 1013 3391; x_wconf 80' lang='lat' dir='ltr'><strong>primo</strong></span> <span class='ocrx_word' id='word_1_266' title='bbox 1029 3334 1207 3391; x_wconf 73' lang='lat' dir='ltr'><strong>traruyreaeua.</strong></span> <span class='ocrx_word' id='word_1_267' title='bbox 1226 3328 1298 3378; x_wconf 85' lang='lat' dir='ltr'><strong>Haeo</strong></span> <span class='ocrx_word' id='word_1_268' title='bbox 1314 3327 1349 3378; x_wconf 82' lang='lat' dir='ltr'><strong>fs·</strong></span> 
     </span>
     <span class='ocr_line' id='line_1_30' title="bbox 198 3407 1350 3473; baseline 0.001 -14"><span class='ocrx_word' id='word_1_269' title='bbox 198 3417 320 3459; x_wconf 65' lang='lat' dir='ltr'><strong>semotum</strong></span> <span class='ocrx_word' id='word_1_270' title='bbox 335 3409 488 3472; x_wconf 83' lang='lat' dir='ltr'><strong>expliestusn</strong></span> <span class='ocrx_word' id='word_1_271' title='bbox 504 3407 569 3468; x_wconf 80' lang='lat' dir='ltr'><strong>foro,</strong></span> <span class='ocrx_word' id='word_1_272' title='bbox 585 3410 660 3473; x_wconf 84' lang='lat' dir='ltr'><strong>quala</strong></span> <span class='ocrx_word' id='word_1_273' title='bbox 676 3409 750 3462; x_wconf 83' lang='lat' dir='ltr'><strong>silan-</strong></span> <span class='ocrx_word' id='word_1_274' title='bbox 795 3409 874 3458; x_wconf 77' lang='lat' dir='ltr'><strong>rande</strong></span> <span class='ocrx_word' id='word_1_275' title='bbox 893 3423 946 3458; x_wconf 91' lang='lat' dir='ltr'><strong>non</strong></span> <span class='ocrx_word' id='word_1_276' title='bbox 962 3415 1029 3458; x_wconf 90' lang='lat' dir='ltr'><strong>sunt.</strong></span> <span class='ocrx_word' id='word_1_277' title='bbox 1046 3408 1115 3457; x_wconf 83' lang='lat' dir='ltr'><strong>Nom</strong></span> <span class='ocrx_word' id='word_1_278' title='bbox 1132 3420 1214 3472; x_wconf 83' lang='lat' dir='ltr'><strong>neqna</strong></span> <span class='ocrx_word' id='word_1_279' title='bbox 1230 3415 1285 3458; x_wconf 80' lang='lat' dir='ltr'><strong>tuns</strong></span> <span class='ocrx_word' id='word_1_280' title='bbox 1300 3410 1350 3471; x_wconf 87' lang='lat' dir='ltr'><strong>pri·</strong></span> 
     </span>
     <span class='ocr_line' id='line_1_31' title="bbox 200 3487 1349 3553; baseline 0 -13"><span class='ocrx_word' id='word_1_281' title='bbox 200 3492 265 3540; x_wconf 85' lang='lat' dir='ltr'><strong>tium</strong></span> <span class='ocrx_word' id='word_1_282' title='bbox 280 3490 442 3553; x_wconf 72' lang='lat' dir='ltr'><strong>cogitandum</strong></span> <span class='ocrx_word' id='word_1_283' title='bbox 458 3495 531 3540; x_wconf 86' lang='lat' dir='ltr'><strong>osset.</strong></span> <span class='ocrx_word' id='word_1_284' title='bbox 549 3489 606 3552; x_wconf 76' lang='lat' dir='ltr'><strong>Ego</strong></span> <span class='ocrx_word' id='word_1_285' title='bbox 623 3492 751 3541; x_wconf 85' lang='lat' dir='ltr'><strong>omniaex</strong></span> <span class='ocrx_word' id='word_1_286' title='bbox 794 3503 866 3538; x_wconf 87' lang='lat' dir='ltr'><strong>mnm</strong></span> <span class='ocrx_word' id='word_1_287' title='bbox 889 3489 925 3538; x_wconf 92' lang='lat' dir='ltr'><strong>ibi</strong></span> <span class='ocrx_word' id='word_1_288' title='bbox 949 3493 1082 3552; x_wconf 81' lang='lat' dir='ltr'><strong>oonspeota</strong></span> <span class='ocrx_word' id='word_1_289' title='bbox 1105 3487 1247 3548; x_wconf 71' lang='lat' dir='ltr'><strong>aetnaeis,</strong></span> <span class='ocrx_word' id='word_1_290' title='bbox 1265 3502 1349 3552; x_wconf 85' lang='lat' dir='ltr'><strong>naqna</strong></span> 
     </span>
     <span class='ocr_line' id='line_1_32' title="bbox 201 3568 1349 3636; baseline -0.002 -14"><span class='ocrx_word' id='word_1_291' title='bbox 201 3573 284 3636; x_wconf 73' lang='lat' dir='ltr'><strong>glossa</strong></span> <span class='ocrx_word' id='word_1_292' title='bbox 307 3571 418 3636; x_wconf 80' lang='lat' dir='ltr'><strong>profectu</strong></span> <span class='ocrx_word' id='word_1_293' title='bbox 442 3584 496 3621; x_wconf 86' lang='lat' dir='ltr'><strong>asso</strong></span> <span class='ocrx_word' id='word_1_294' title='bbox 520 3572 638 3634; x_wconf 85' lang='lat' dir='ltr'><strong>suspicor.</strong></span> <span class='ocrx_word' id='word_1_295' title='bbox 665 3572 752 3622; x_wconf 83' lang='lat' dir='ltr'><strong>Verba</strong></span> <span class='ocrx_word' id='word_1_296' title='bbox 797 3568 920 3632; x_wconf 76' lang='lat' dir='ltr'><strong>Agriools</strong></span> <span class='ocrx_word' id='word_1_297' title='bbox 943 3568 1063 3628; x_wconf 80' lang='lat' dir='ltr'><strong>habebnt,</strong></span> <span class='ocrx_word' id='word_1_298' title='bbox 1084 3569 1129 3633; x_wconf 89' lang='lat' dir='ltr'><strong>qui</strong></span> <span class='ocrx_word' id='word_1_299' title='bbox 1153 3583 1222 3618; x_wconf 90' lang='lat' dir='ltr'><strong>snno</strong></span> <span class='ocrx_word' id='word_1_300' title='bbox 1246 3569 1349 3620; x_wconf 84' lang='lat' dir='ltr'><strong>demum</strong></span> 
     </span>
     <span class='ocr_line' id='line_1_33' title="bbox 202 3649 1346 3717; baseline 0 -15"><span class='ocrx_word' id='word_1_301' title='bbox 202 3653 285 3702; x_wconf 84' lang='lat' dir='ltr'><strong>&#39;l&#39;seitr&#39;</strong></span> <span class='ocrx_word' id='word_1_302' title='bbox 301 3667 333 3700; x_wconf 77' lang='lat' dir='ltr'><strong>ee</strong></span> <span class='ocrx_word' id='word_1_303' title='bbox 348 3650 482 3702; x_wconf 74' lang='lat' dir='ltr'><strong>iracundie</strong></span> <span class='ocrx_word' id='word_1_304' title='bbox 495 3649 558 3700; x_wconf 76' lang='lat' dir='ltr'><strong>uitii</strong></span> <span class='ocrx_word' id='word_1_305' title='bbox 575 3660 751 3715; x_wconf 63' lang='lat' dir='ltr'><strong>supernatet</strong></span> <span class='ocrx_word' id='word_1_306' title='bbox 796 3649 910 3714; x_wconf 83' lang='lat' dir='ltr'><strong>sequenti</strong></span> <span class='ocrx_word' id='word_1_307' title='bbox 943 3649 1046 3700; x_wconf 79' lang='lat' dir='ltr'><strong>classem</strong></span> <span class='ocrx_word' id='word_1_308' title='bbox 1078 3651 1237 3712; x_wconf 78' lang='lat' dir='ltr'><strong>aarumsers&#39;t,</strong></span> <span class='ocrx_word' id='word_1_309' title='bbox 1263 3666 1346 3717; x_wconf 88' lang='lat' dir='ltr'><strong>nequo</strong></span> 
     </span>
     <span class='ocr_line' id='line_1_34' title="bbox 201 3729 1351 3798; baseline 0.001 -15"><span class='ocrx_word' id='word_1_310' title='bbox 201 3731 325 3783; x_wconf 64' lang='lat' dir='ltr'><strong>moos</strong></span> <span class='ocrx_word' id='word_1_311' title='bbox 338 3732 447 3798; x_wconf 78' lang='lat' dir='ltr'><strong>putabor</strong></span> <span class='ocrx_word' id='word_1_312' title='bbox 455 3729 583 3797; x_wconf 78' lang='lat' dir='ltr'><strong>offendere</strong></span> <span class='ocrx_word' id='word_1_313' title='bbox 592 3747 664 3795; x_wconf 82' lang='lat' dir='ltr'><strong>qoam</strong></span> <span class='ocrx_word' id='word_1_314' title='bbox 670 3731 752 3782; x_wconf 82' lang='lat' dir='ltr'><strong>odisse</strong></span> <span class='ocrx_word' id='word_1_315' title='bbox 797 3731 860 3780; x_wconf 84' lang='lat' dir='ltr'><strong>adso</strong></span> <span class='ocrx_word' id='word_1_316' title='bbox 884 3745 946 3795; x_wconf 89' lang='lat' dir='ltr'><strong>opos</strong></span> <span class='ocrx_word' id='word_1_317' title='bbox 971 3733 1181 3784; x_wconf 81' lang='lat' dir='ltr'><strong>aretuove.1tar</strong></span> <span class='ocrx_word' id='word_1_318' title='bbox 1199 3734 1269 3786; x_wconf 86' lang='lat' dir='ltr'><strong>enim</strong></span> <span class='ocrx_word' id='word_1_319' title='bbox 1284 3740 1351 3786; x_wconf 84' lang='lat' dir='ltr'><strong>terre</strong></span> 
     </span>
     <span class='ocr_line' id='line_1_35' title="bbox 201 3813 1348 3878; baseline 0.003 -14"><span class='ocrx_word' id='word_1_320' title='bbox 201 3813 751 3877; x_wconf 77' lang='lat' dir='ltr'><strong>sotisostendnnt,qnampsrumistodsddi·</strong></span> <span class='ocrx_word' id='word_1_321' title='bbox 795 3813 907 3876; x_wconf 77' lang='lat' dir='ltr'><strong>putebat,</strong></span> <span class='ocrx_word' id='word_1_322' title='bbox 932 3814 992 3878; x_wconf 82' lang='lat' dir='ltr'><strong>quin</strong></span> <span class='ocrx_word' id='word_1_323' title='bbox 1016 3813 1126 3878; x_wconf 74' lang='lat' dir='ltr'><strong>spritium</strong></span> <span class='ocrx_word' id='word_1_324' title='bbox 1151 3822 1286 3878; x_wconf 78' lang='lat' dir='ltr'><strong>sugestum</strong></span> <span class='ocrx_word' id='word_1_325' title='bbox 1311 3816 1348 3866; x_wconf 89' lang='lat' dir='ltr'><strong>in·</strong></span> 
     </span>
     <span class='ocr_line' id='line_1_36' title="bbox 200 3892 1350 3958; baseline -0.002 -12"><span class='ocrx_word' id='word_1_326' title='bbox 200 3895 480 3958; x_wconf 80' lang='lat' dir='ltr'><strong>tamentnmsignifioot.</strong></span> <span class='ocrx_word' id='word_1_327' title='bbox 497 3893 751 3946; x_wconf 84' lang='lat' dir='ltr'><strong>Glossatorfinxitin·</strong></span> <span class='ocrx_word' id='word_1_328' title='bbox 796 3899 835 3943; x_wconf 84' lang='lat' dir='ltr'><strong>tor</strong></span> <span class='ocrx_word' id='word_1_329' title='bbox 859 3893 1020 3944; x_wconf 85' lang='lat' dir='ltr'><strong>Britanniam</strong></span> <span class='ocrx_word' id='word_1_330' title='bbox 1043 3900 1068 3944; x_wconf 85' lang='lat' dir='ltr'><strong>at</strong></span> <span class='ocrx_word' id='word_1_331' title='bbox 1093 3892 1258 3946; x_wconf 82' lang='lat' dir='ltr'><strong>Osiodoninm</strong></span> <span class='ocrx_word' id='word_1_332' title='bbox 1281 3909 1350 3958; x_wconf 85' lang='lat' dir='ltr'><strong>pras-</strong></span> 
     </span>
     <span class='ocr_line' id='line_1_37' title="bbox 200 3972 1351 4048; baseline -0.003 -21"><span class='ocrx_word' id='word_1_333' title='bbox 200 3978 406 4047; x_wconf 82' lang='lat' dir='ltr'><strong>terprststionam</strong></span> <span class='ocrx_word' id='word_1_334' title='bbox 420 3989 515 4039; x_wconf 84' lang='lat' dir='ltr'><strong>exosp.</strong></span> <span class='ocrx_word' id='word_1_335' title='bbox 524 3977 752 4048; x_wconf 79' lang='lat' dir='ltr'><strong>39‚ubiDopsitis·</strong></span> <span class='ocrx_word' id='word_1_336' title='bbox 797 3975 867 4025; x_wconf 86' lang='lat' dir='ltr'><strong>sidiis</strong></span> <span class='ocrx_word' id='word_1_337' title='bbox 882 3975 1051 4026; x_wconf 66' lang='lat' dir='ltr'><strong>mutuent.</strong></span> <span class='ocrx_word' id='word_1_338' title='bbox 1076 3972 1153 4024; x_wconf 84' lang='lat' dir='ltr'><strong>Nove</strong></span> <span class='ocrx_word' id='word_1_339' title='bbox 1165 3975 1251 4038; x_wconf 77' lang='lat' dir='ltr'><strong>primo</strong></span> <span class='ocrx_word' id='word_1_340' title='bbox 1267 3987 1351 4039; x_wconf 74' lang='lat' dir='ltr'><strong>posset</strong></span> 
     </span>
     <span class='ocr_line' id='line_1_38' title="bbox 201 4055 1350 4123; baseline -0.002 -17"><span class='ocrx_word' id='word_1_341' title='bbox 201 4072 250 4107; x_wconf 85' lang='lat' dir='ltr'><strong>nus</strong></span> <span class='ocrx_word' id='word_1_342' title='bbox 264 4065 358 4108; x_wconf 80' lang='lat' dir='ltr'><strong>secreto</strong></span> <span class='ocrx_word' id='word_1_343' title='bbox 366 4055 625 4108; x_wconf 71' lang='lat' dir='ltr'><strong>mensuetus-odium</strong></span> <span class='ocrx_word' id='word_1_344' title='bbox 633 4057 752 4123; x_wconf 73' lang='lat' dir='ltr'><strong>reposuit.</strong></span> <span class='ocrx_word' id='word_1_345' title='bbox 798 4057 930 4120; x_wconf 73' lang='lat' dir='ltr'><strong>explicari,</strong></span> <span class='ocrx_word' id='word_1_346' title='bbox 956 4057 979 4106; x_wconf 90' lang='lat' dir='ltr'><strong>si</strong></span> <span class='ocrx_word' id='word_1_347' title='bbox 1004 4057 1126 4121; x_wconf 78' lang='lat' dir='ltr'><strong>Agriools</strong></span> <span class='ocrx_word' id='word_1_348' title='bbox 1150 4055 1273 4106; x_wconf 80' lang='lat' dir='ltr'><strong>diceretur</strong></span> <span class='ocrx_word' id='word_1_349' title='bbox 1294 4057 1350 4121; x_wconf 78' lang='lat' dir='ltr'><strong>pri-</strong></span> 
     </span>
     <span class='ocr_line' id='line_1_39' title="bbox 203 4136 1350 4200; baseline -0.001 -12"><span class='ocrx_word' id='word_1_350' title='bbox 203 4139 238 4188; x_wconf 79' lang='lat' dir='ltr'><strong>ut</strong></span> <span class='ocrx_word' id='word_1_351' title='bbox 254 4145 344 4188; x_wconf 86' lang='lat' dir='ltr'><strong>notum</strong></span> <span class='ocrx_word' id='word_1_352' title='bbox 360 4144 414 4188; x_wconf 87' lang='lat' dir='ltr'><strong>aret</strong></span> <span class='ocrx_word' id='word_1_353' title='bbox 429 4138 493 4188; x_wconf 87' lang='lat' dir='ltr'><strong>illud</strong></span> <span class='ocrx_word' id='word_1_354' title='bbox 511 4136 606 4188; x_wconf 85' lang='lat' dir='ltr'><strong>Tiberii</strong></span> <span class='ocrx_word' id='word_1_355' title='bbox 623 4139 753 4190; x_wconf 78' lang='lat' dir='ltr'><strong>silentium.</strong></span> <span class='ocrx_word' id='word_1_356' title='bbox 798 4153 852 4186; x_wconf 85' lang='lat' dir='ltr'><strong>mos</strong></span> <span class='ocrx_word' id='word_1_357' title='bbox 883 4152 930 4187; x_wconf 86' lang='lat' dir='ltr'><strong>sne</strong></span> <span class='ocrx_word' id='word_1_358' title='bbox 957 4151 1036 4196; x_wconf 83' lang='lat' dir='ltr'><strong>nave,</strong></span> <span class='ocrx_word' id='word_1_359' title='bbox 1060 4136 1148 4188; x_wconf 82' lang='lat' dir='ltr'><strong>eetorit</strong></span> <span class='ocrx_word' id='word_1_360' title='bbox 1173 4137 1350 4200; x_wconf 84' lang='lat' dir='ltr'><strong>sequentibus,</strong></span> 
     </span>
    </p>

    <p class='ocr_par' dir='ltr' id='par_1_8' title="bbox 203 4215 1352 4526">
     <span class='ocr_line' id='line_1_40' title="bbox 236 4215 1350 4284; baseline 0.001 -16"><span class='ocrx_word' id='word_1_361' title='bbox 236 4215 355 4268; x_wconf 79' lang='lat' dir='ltr'><strong>Inventus</strong></span> <span class='ocrx_word' id='word_1_362' title='bbox 371 4218 398 4268; x_wconf 82' lang='lat' dir='ltr'><strong>irs</strong></span> <span class='ocrx_word' id='word_1_363' title='bbox 414 4215 753 4284; x_wconf 81' lang='lat' dir='ltr'><strong>iproBritouss&#39;atermioos.</strong></span> <span class='ocrx_word' id='word_1_364' title='bbox 800 4223 983 4280; x_wconf 64' lang='lat' dir='ltr'><strong>transgressore</strong></span> <span class='ocrx_word' id='word_1_365' title='bbox 1000 4224 1028 4267; x_wconf 88' lang='lat' dir='ltr'><strong>ut</strong></span> <span class='ocrx_word' id='word_1_366' title='bbox 1036 4219 1120 4268; x_wconf 81' lang='lat' dir='ltr'><strong>scribit</strong></span> <span class='ocrx_word' id='word_1_367' title='bbox 1127 4232 1153 4268; x_wconf 83' lang='lat' dir='ltr'><strong>v.</strong></span> <span class='ocrx_word' id='word_1_368' title='bbox 1162 4232 1183 4266; x_wconf 92' lang='lat' dir='ltr'><strong>e.</strong></span> <span class='ocrx_word' id='word_1_369' title='bbox 1202 4217 1302 4268; x_wconf 85' lang='lat' dir='ltr'><strong>Hirtius</strong></span> <span class='ocrx_word' id='word_1_370' title='bbox 1318 4221 1350 4269; x_wconf 84' lang='lat' dir='ltr'><strong>de</strong></span> 
     </span>
     <span class='ocr_line' id='line_1_41' title="bbox 205 4296 1351 4362; baseline 0.001 -13"><span class='ocrx_word' id='word_1_371' title='bbox 205 4299 290 4352; x_wconf 81' lang='lat' dir='ltr'><strong>Acuta</strong></span> <span class='ocrx_word' id='word_1_372' title='bbox 313 4299 395 4362; x_wconf 83' lang='lat' dir='ltr'><strong>magis</strong></span> <span class='ocrx_word' id='word_1_373' title='bbox 420 4306 445 4350; x_wconf 87' lang='lat' dir='ltr'><strong>et</strong></span> <span class='ocrx_word' id='word_1_374' title='bbox 461 4314 506 4362; x_wconf 87' lang='lat' dir='ltr'><strong>pro</strong></span> <span class='ocrx_word' id='word_1_375' title='bbox 523 4315 593 4352; x_wconf 86' lang='lat' dir='ltr'><strong>more</strong></span> <span class='ocrx_word' id='word_1_376' title='bbox 608 4301 701 4352; x_wconf 76' lang='lat' dir='ltr'><strong>Tseiti:</strong></span> <span class='ocrx_word' id='word_1_377' title='bbox 719 4301 755 4352; x_wconf 85' lang='lat' dir='ltr'><strong>s&#39;n-</strong></span> <span class='ocrx_word' id='word_1_378' title='bbox 801 4297 834 4346; x_wconf 88' lang='lat' dir='ltr'><strong>B.</strong></span> <span class='ocrx_word' id='word_1_379' title='bbox 844 4296 923 4346; x_wconf 83' lang='lat' dir='ltr'><strong>Alex.</strong></span> <span class='ocrx_word' id='word_1_380' title='bbox 943 4301 982 4346; x_wconf 82' lang='lat'><strong>15.</strong></span> <span class='ocrx_word' id='word_1_381' title='bbox 1001 4297 1031 4347; x_wconf 82' lang='lat' dir='ltr'><strong>Si</strong></span> <span class='ocrx_word' id='word_1_382' title='bbox 1044 4297 1351 4362; x_wconf 67' lang='lat' dir='ltr'><strong>boeovodoprimisunoi-</strong></span> 
     </span>
     <span class='ocr_line' id='line_1_42' title="bbox 203 4377 1351 4447; baseline 0.001 -16"><span class='ocrx_word' id='word_1_383' title='bbox 203 4389 290 4431; x_wconf 81' lang='lat' dir='ltr'><strong>uentus</strong></span> <span class='ocrx_word' id='word_1_384' title='bbox 314 4380 374 4446; x_wconf 78' lang='lat' dir='ltr'><strong>ipso</strong></span> <span class='ocrx_word' id='word_1_385' title='bbox 397 4378 539 4432; x_wconf 81' lang='lat' dir='ltr'><strong>Britannia</strong></span> <span class='ocrx_word' id='word_1_386' title='bbox 564 4382 688 4432; x_wconf 74' lang='lat' dir='ltr'><strong>terminos.</strong></span> <span class='ocrx_word' id='word_1_387' title='bbox 714 4384 756 4432; x_wconf 76' lang='lat' dir='ltr'><strong>Ita</strong></span> <span class='ocrx_word' id='word_1_388' title='bbox 801 4377 844 4426; x_wconf 76' lang='lat' dir='ltr'><strong>but</strong></span> <span class='ocrx_word' id='word_1_389' title='bbox 867 4377 1021 4435; x_wconf 60' lang='lat' dir='ltr'><strong>iuraverit,-</strong></span> <span class='ocrx_word' id='word_1_390' title='bbox 1036 4387 1061 4430; x_wconf 87' lang='lat' dir='ltr'><strong>ot</strong></span> <span class='ocrx_word' id='word_1_391' title='bbox 1085 4379 1173 4430; x_wconf 82' lang='lat' dir='ltr'><strong>ultimo</strong></span> <span class='ocrx_word' id='word_1_392' title='bbox 1197 4382 1269 4432; x_wconf 83' lang='lat' dir='ltr'><strong>novis</strong></span> <span class='ocrx_word' id='word_1_393' title='bbox 1285 4384 1351 4447; x_wconf 83' lang='lat' dir='ltr'><strong>apud</strong></span> 
     </span>
     <span class='ocr_line' id='line_1_43' title="bbox 203 4458 1352 4526; baseline 0.002 -16"><span class='ocrx_word' id='word_1_394' title='bbox 203 4476 257 4524; x_wconf 81' lang='lat' dir='ltr'><strong>esp.</strong></span> <span class='ocrx_word' id='word_1_395' title='bbox 283 4465 325 4512; x_wconf 82' lang='lat' dir='ltr'><strong>st.</strong></span> <span class='ocrx_word' id='word_1_396' title='bbox 350 4459 425 4512; x_wconf 80' lang='lat' dir='ltr'><strong>Finis</strong></span> <span class='ocrx_word' id='word_1_397' title='bbox 442 4462 560 4526; x_wconf 77' lang='lat' dir='ltr'><strong>sequendi</strong></span> <span class='ocrx_word' id='word_1_398' title='bbox 576 4479 624 4512; x_wconf 75' lang='lat' dir='ltr'><strong>nor</strong></span> <span class='ocrx_word' id='word_1_399' title='bbox 641 4471 665 4513; x_wconf 84' lang='lat' dir='ltr'><strong>et</strong></span> <span class='ocrx_word' id='word_1_400' title='bbox 682 4464 755 4514; x_wconf 82' lang='lat' dir='ltr'><strong>sotie-</strong></span> <span class='ocrx_word' id='word_1_401' title='bbox 803 4458 878 4512; x_wconf 81' lang='lat' dir='ltr'><strong>Ovio.</strong></span> <span class='ocrx_word' id='word_1_402' title='bbox 905 4459 1012 4512; x_wconf 82' lang='lat' dir='ltr'><strong>Heroid.</strong></span> <span class='ocrx_word' id='word_1_403' title='bbox 1039 4461 1122 4514; x_wconf 90' lang='lat' dir='ltr'>XIII.</span> <span class='ocrx_word' id='word_1_404' title='bbox 1141 4464 1182 4514; x_wconf 83' lang='lat' dir='ltr'><strong>st.</strong></span> <span class='ocrx_word' id='word_1_405' title='bbox 1200 4460 1270 4516; x_wconf 82' lang='lat' dir='ltr'><strong>Inter</strong></span> <span class='ocrx_word' id='word_1_406' title='bbox 1286 4463 1352 4514; x_wconf 83' lang='lat' dir='ltr'><strong>mille</strong></span> 
     </span>
    </p>
   </div>
   <div class='ocr_carea' id='block_1_6' title="bbox 0 0 1587 5308">
    <p class='ocr_par' dir='ltr' id='par_1_9' title="bbox 0 0 1587 5308">
     <span class='ocr_line' id='line_1_44' title="bbox 0 0 1587 5308; baseline 0 0"><span class='ocrx_word' id='word_1_407' title='bbox 0 0 1587 5308; x_wconf 95' lang='lat' dir='ltr'><strong> </strong></span> 
     </span>
    </p>
   </div>
  </div>
 </body>
</html>
