3134 5310
666 544 836 592 turrensi.
1273 526 1314 586 25

168 712 292 788 nerins,
323 709 525 798 ultraquam
549 733 732 777 eoncessum
758 711 902 775 Romano
925 731 962 775 uo
986 707 1150 786 senatori,
1164 708 1312 786 hausisse,

168 819 204 882 ni
238 815 408 906 prudentia
439 816 547 880 metris
582 817 747 883 incensum
780 838 816 880 eo
847 816 1035 903 flagrantem
1059 816 1201 880 animum
1225 823 1314 881 coiit·

169 924 299 988 ouisset.
334 919 461 988 Scilicet
496 921 630 987 sublime
664 934 696 988 et
733 933 874 987 ereetum
910 921 1072 1008 ingenium
1102 920 1314 1008 pulchritudi-

169 1051 247 1093 nem
290 1048 327 1090 ao
369 1027 506 1115 speeiem
540 1049 673 1116 magnae
708 1027 911 1114 excelsaeque
946 1026 1063 1113 gloriae
1101 1025 1315 1091 vehementius

173 1155 267 1222 quern
302 1141 394 1196 caute
429 1132 607 1220 appetebat.
643 1132 715 1197 Mor
743 1132 896 1220 mitigavit
929 1133 1007 1196 ratio
1039 1143 1070 1196 et
1101 1143 1203 1208 aetas,
1240 1129 1316 1195 reti·

170 1238 325 1327 nuitque,
351 1235 436 1324 quod
460 1249 507 1302 est
529 1236 772 1312 difficillimum,
798 1260 834 1302 er
858 1237 1011 1326 supientia
1033 1234 1174 1301 modum.

171 1441 308 1504 {inpensius
324 1441 451 1500 eruditus,
470 1458 486 1491 a
500 1440 629 1505 plerisque
646 1437 722 1489 Grae·
769 1440 919 1502 cogitatione
954 1439 1092 1490 hauriendi.
1117 1437 1235 1489 Ceterum
1258 1453 1317 1486 aere

173 1521 246 1570 euius
263 1521 405 1586 appelletur
421 1530 466 1570 ert.
476 1519 661 1570 Atheniensium
674 1529 725 1569 siu·
770 1535 843 1584 saepe
859 1537 916 1572 oum
933 1520 1014 1572 studio
1031 1520 1198 1582 ooninngitur.
1224 1519 1317 1568 Exem-

172 1603 219 1652 dia
244 1618 369 1666 moresque
382 1602 483 1674 ¹brunsii,
498 1603 595 1666 potitur
612 1617 658 1649 non
674 1616 724 1650 ser·
769 1603 812 1666 plu
836 1605 919 1652 sttrrlit
943 1602 1099 1660 Gronovius,
1122 1601 1149 1649 in
1170 1600 1260 1663 quibus
1276 1600 1317 1648 Iu·

170 1699 241 1734 moire
266 1692 372 1743 tantum,
394 1683 439 1733 sed
454 1683 529 1732 eiiam
545 1683 634 1732 cereris
651 1681 723 1732 disei-
770 1685 828 1732 stin.
853 1685 916 1734 XII.
936 1689 973 1734 16.
991 1686 1022 1734 de
1040 1682 1189 1732 Alexandro
1207 1681 1316 1744 Magno:

168 1765 259 1831 pliar's.
286 1766 407 1815 Aurelius
424 1779 503 1814 unum
519 1765 624 1812 verbnm
641 1763 725 1814 hausit
766 1780 832 1829 puer
858 1765 987 1814 acerrimis
1012 1763 1140 1813 literarum
1157 1761 1247 1811 studiis
1264 1777 1317 1810 ern·

171 1849 206 1896 ad
222 1848 322 1898 diverse
338 1846 494 1896 substantiva
508 1846 606 1904 retulit,
623 1853 652 1894 ut
668 1859 724 1894 oen·
771 1845 838 1895 disus
854 1846 923 1910 suit.
941 1843 1042 1894 Enoria
1056 1843 1170 1907 pueritia
1184 1858 1233 1907 per
1250 1843 1318 1905 quin-

171 1929 219 1978 ties
234 1929 272 1977 fit.
296 1925 395 1975 Haurit
412 1927 492 1988 magis
508 1927 616 1989 pertinet
632 1929 723 1976 udmo
771 1926 898 1990 quennr'um
923 1926 966 1974 sub
991 1922 1142 1982 Aristotele,
1167 1923 1266 1972 doctore
1282 1923 1317 1972 in·

171 2024 212 2060 res
228 2024 306 2073 quam
322 2009 358 2068 ad,
372 2006 472 2062 studim·
490 2014 545 2056 tum
560 2007 661 2056 haruire
675 2017 724 2056 stu·
771 2007 835 2071 cipio
865 2006 967 2056 omnium
989 2003 1204 2070 philosophorum,
1230 2005 1316 2054 creuit.

173 2089 219 2140 dia
233 2090 380 2148 hominnm,
396 2089 465 2138 eliud
481 2095 530 2146 est,
548 2103 624 2152 qnam
640 2087 725 2138 studia
771 2089 824 2138 Ubi
856 2088 1014 2136 scribendum
1030 2085 1135 2134 arbitror
1151 2083 1317 2149 inclytissime.

174 2186 269 2230 rerum3
291 2170 400 2233 denique
417 2167 542 2218 studiosi
559 2169 666 2218 stadium
679 2170 724 2218 dii·
771 2169 847 2218 Adde
865 2168 945 2218 Tsoit.
964 2167 1060 2216 Annei.
1077 2167 1114 2217 11.
1132 2172 1155 2216 5.
1173 2163 1283 2216 Acriores
1292 2167 1317 2216 in

173 2253 264 2302 ferrmt.
297 2249 403 2310 Studia,
433 2266 484 2300 non
514 2252 598 2300 audito
623 2253 725 2302 nomine
771 2266 823 2299 eum
840 2248 925 2298 studia
942 2249 1051 2298 miiitum.

173 2332 485 2398 disciplinae,signihosnt
493 2333 575 2382 studio
583 2332 724 2392 literarum,
811 2329 888 2380 Ultra
913 2347 985 2393 quum
1007 2345 1143 2379 concessum
1159 2328 1271 2378 Romano
1288 2347 1318 2380 ac

172 2423 202 2464 ut
230 2416 257 2464 h.
282 2416 299 2464 l.
323 2413 435 2479 potitus,
461 2414 514 2471 vel,
540 2419 567 2461 ut
591 2415 725 2476 legendum
772 2409 896 2460 Senatori.
911 2412 1073 2460 Verbaolent
1081 2413 1202 2473 glossam:
1220 2411 1319 2460 rasim

171 2497 293 2555 eoniioio,
316 2503 405 2560 potere
426 2509 473 2542 non
488 2509 596 2542 sermone
613 2474 723 2544 sanium.-
746 2501 749 2537 i
771 2493 789 2540 i.
814 2508 836 2542 e.
861 2493 928 2540 ultre
950 2507 1026 2555 quam
1042 2506 1187 2542 eoncessum
1204 2491 1319 2542 Romano

175 2575 282 2624 studium
307 2588 401 2624 nomen
426 2575 572 2638 disciplinae
593 2577 668 2626 hebet
684 2579 725 2626 ed·
772 2589 801 2623 uo
827 2572 969 2622 Senetori.''
996 2573 1047 2622 Sed
1069 2587 1149 2638 neque
1166 2574 1249 2636 glossa
1265 2588 1319 2623 sen·

174 2659 256 2706 ditum
280 2671 305 2704 v.
333 2654 449 2706 Oudend.
468 2657 500 2704 ed
518 2655 634 2707 Suetonii
651 2657 724 2708 Gelb.
771 2657 863 2704 tentius
879 2656 928 2705 loci
944 2657 1068 2705 convenit.
1088 2655 1233 2715 Sententia,
1250 2663 1318 2719 puto,

174 2744 200 2787 3.
218 2737 287 2801 Ergo
305 2736 426 2786 Aurelius
442 2752 487 2800 pro
504 2737 593 2788 literas
610 2747 634 2787 et
647 2755 725 2788 mores
770 2737 832 2786 hese
856 2743 905 2786 est:
932 2737 1095 2801 Philosophia
1111 2739 1248 2800 cogitatur,
1265 2753 1318 2787 non

173 2817 360 2868 Atheniensium
377 2817 474 2876 hausit,
491 2825 557 2868 reete
570 2820 667 2882 scripsit
675 2829 724 2868 ssu·
770 2821 900 2878 universa,
925 2821 968 2868 sed
993 2833 1063 2882 pera,
1090 2818 1189 2868 Stoicae
1210 2833 1318 2882 presser-

174 2900 221 2950 dio
238 2909 262 2948 et
278 2915 356 2948 mores
373 2899 471 2958 bausit,
488 2900 548 2963 quie
565 2899 650 2949 studia
667 2907 725 2950 sunt
770 2903 817 2952 tim
833 2907 926 2959 sectae,
943 2901 1005 2950 olim
1021 2915 1036 2950 e
1053 2899 1166 2960 Graecis,
1183 2901 1319 2952 nmosSe·

174 2983 244 3044 ipsae
260 2982 359 3040 literne,
377 2979 724 3045 studiumpiiiosopbiaenon
771 2997 833 3032 neos
857 2983 987 3045 explicata.
1023 2983 1177 3031 Versabatur
1201 2982 1228 3030 in
1254 2997 1321 3031 oom-

175 3069 214 3112 est
230 3063 289 3127 ipen
303 3060 470 3126 philosophia.
488 3063 624 3126 Propterea
640 3064 666 3111 in
677 3064 725 3113 Ta·
771 3063 918 3112 mundandis
942 3063 1089 3119 virmtibns,
1106 3062 1133 3110 in
1149 3061 1276 3110 laudande
1291 3063 1320 3111 ii-

175 3145 229 3194 cito
241 3143 337 3192 malim:
346 3142 451 3192 studium
456 3142 630 3208 philosophiae
641 3144 725 3192 acrius
771 3147 877 3202 berteto,
902 3149 1028 3192 contemtu
1053 3143 1153 3200 mortis,
1169 3147 1217 3190 eet.
1236 3143 1321 3194 Liber-

177 3224 303 3274 rasause.
329 3223 428 3272 serui.
455 3223 529 3274 caru.
550 3230 588 3273 ιι.
605 3222 726 3274 Averna
747 3209 751 3258 i
771 3234 809 3276 ns
841 3233 894 3274 ism
923 3224 1002 3273 unes
1027 3231 1076 3283 esi,
1100 3231 1130 3274 ui
1154 3225 1322 3274 noreiensis

173 3306 300 3371 pecuniae
323 3303 429 3354 studium
454 3304 533 3354 habet.
569 3304 657 3356 Cicero
682 3322 726 3368 pro
747 3275 750 3366 i
772 3309 846 3372 penio
875 3307 1044 3371 generosiores
1074 3307 1116 3356 vel
1139 3307 1193 3369 ipso
1218 3307 1321 3355 nomino

178 3389 268 3449 Quint.
287 3392 328 3437 25.
346 3384 448 3445 Studio,
467 3385 533 3448 quod
547 3386 651 3436 habebat
667 3403 727 3451 erpo
749 3367 751 3492 i
772 3390 838 3452 eapti
862 3390 1025 3445 insolescant,
1050 3387 1173 3449 imprimis
1198 3394 1280 3435 erecte
1296 3395 1321 3434 et

173 3469 343 3534 propinquum
367 3483 448 3526 snum,
474 3469 580 3531 quesnois
603 3485 727 3518 commove·
749 3504 751 3542 i
773 3470 889 3520 sublimis
903 3469 1019 3530 ingenia,
1034 3466 1124 3529 quibus
1140 3467 1199 3514 inde
1215 3467 1320 3528 pulchri-

177 3559 227 3600 rot.
247 3549 356 3610 Quintil.
374 3548 436 3596 Inst.
452 3547 522 3598 Oroi.
536 3550 573 3598 H.
592 3555 630 3598 18.
640 3547 727 3600 Astro·
749 3545 752 3616 l
773 3552 833 3600 tudo
858 3563 886 3598 ee
910 3548 1003 3610 speeies
1027 3561 1134 3610 magnae
1159 3547 1320 3611 oxoelseeque

178 3631 258 3696 lopia,
298 3629 390 3678 nullum
430 3629 528 3693 eriperis
566 3637 647 3678 acirim
684 3629 729 3678 sed
750 3642 751 3653 ¹
773 3631 867 3693 gloriae
891 3629 991 3678 arridet.
1027 3628 1096 3678 Talis
1121 3629 1194 3678 ardor
1210 3642 1319 3692 semper,

178 3714 233 3778 ipso
258 3713 309 3771 rei,
336 3711 406 3762 cuius
431 3709 538 3759 studium
555 3709 640 3767 habet,
658 3709 726 3758 intei-
773 3714 800 3760 in
824 3711 903 3760 libera
918 3724 1017 3774 qnoque
1033 3710 1167 3773 republica,
1184 3711 1264 3760 mults
1279 3723 1319 3774 pe·

177 3794 241 3842 iectu
273 3800 394 3844 contenta.
426 3789 529 3840 Habere
554 3789 674 3849 studium,
700 3798 728 3839 nt
774 3792 852 3842 rierrla
874 3791 963 3850 habet,
987 3792 1059 3854 pluria
1082 3797 1106 3840 st
1121 3791 1217 3842 meiere
1232 3792 1259 3842 in
1276 3791 1320 3842 im·

178 3874 273 3926 Graece
290 3872 416 3937 σπουδὴν
433 3873 500 3941 napi
517 3888 545 3919 ri
563 3869 651 3937 ἔχειν,
668 3887 727 3936 quo
750 3844 752 3911 i
773 3873 842 3936 perio
858 3873 982 3924 melonum
998 3873 1145 3935 principum.
1180 3872 1248 3933 Ergo
1264 3886 1319 3933 pru·

176 3959 312 4026 dummodo
329 3957 490 4006 confirmetur
506 3969 539 4004 ex
556 3969 600 4012 eo,
616 3955 728 4017 quodso-
750 3914 752 3975 i
773 3954 858 4003 dentis.
873 3954 959 4002 metris
976 3951 1169 4014 imprudentiam
1181 3952 1228 4000 filii
1246 3952 1321 4014 Agri-

177 4038 276 4100 quiturr
301 4053 358 4088 mos
379 4037 503 4101 miiipesr't
519 4036 585 4084 ratio
603 4044 627 4084 et
643 4044 727 4094 oetas,
750 4030 752 4076 i
773 4036 842 4084 colse
866 4035 982 4082 ooiireuit.
1008 4034 1048 4081 Ita
1069 4031 1154 4082 uerius
1171 4035 1320 4096 epexegesin

178 4135 239 4190 nem
261 4117 375 4171 hesdrae
390 4121 472 4182 potins
489 4118 556 4168 eliud
572 4118 677 4168 verbum
691 4131 728 4166 re·
750 4090 752 4180 i
773 4115 867 4177 posuit,
884 4130 952 4172 uon,
971 4128 1042 4176 quom
1059 4127 1194 4164 consessura
1210 4111 1321 4162 Romano

178 4201 305 4263 quirebnr,
323 4215 348 4250 v.
366 4215 387 4250 e.
406 4199 564 4264 iernperavit:
581 4200 640 4262 quie
655 4213 727 4262 poeu-
774 4211 804 4244 ac
839 4193 968 4252 Senatori,
998 4195 1042 4242 sod
1071 4208 1144 4255 quam
1168 4207 1320 4252 concessum,

180 4283 234 4330 lum
266 4282 361 4340 aerius,
395 4282 463 4345 quod
493 4280 620 4339 hauritur,
650 4281 729 4330 effuso
775 4293 847 4340 quam
864 4285 974 4340 tempora
990 4273 1159 4331 concederent,
1176 4274 1320 4328 versimile.

181 4377 245 4426 sque
270 4371 436 4428 temperatur,
453 4377 505 4412 non
521 4361 662 4425 minuitur,
680 4368 729 4410 stu·
776 4359 858 4408 Vetus
874 4358 922 4408 iste
937 4356 1034 4418 opinio,
1051 4355 1174 4407 celebrata
1190 4356 1257 4408 dioro
1271 4357 1321 4406 Ne·

182 4445 250 4494 diurn
282 4445 362 4494 nerins
387 4451 453 4495 reete
477 4443 620 4506 mitipntur,
646 4445 730 4494 demta
751 4475 754 4504 r
776 4439 894 4502 optolemi
918 4439 983 4501 apud
1007 4437 1132 4497 Ennium,
1147 4436 1320 4502 philosophan-

1206 4526 1221 4567 4
