3088 5308
250 536 294 599 52
678 549 832 597 connnnu
857 549 969 596 raoni

248 720 425 811 pulsantur.
464 717 611 783 Bormam
633 719 728 783 totius
751 717 932 783 Britanniae
956 717 1059 782 Livius
1083 727 1245 798 veterum,
1274 719 1394 800 Fabius

251 825 399 892 Rusticus
428 825 602 890 recentium
630 821 879 911 eloquentissimi
903 835 1045 904 auctores
1069 823 1224 913 oblongae
1248 827 1392 892 scutulae

288 1051 367 1101 Vasta
392 1059 467 1114 atque
491 1056 580 1114 aperto
605 1048 678 1097 mari.
705 1047 797 1098 Caesar
842 1049 962 1097 turbetur.
998 1049 1033 1098 Et
1058 1063 1105 1112 ego
1121 1063 1217 1112 semper
1229 1052 1341 1102 dubitavi
1357 1067 1391 1102 en

250 1133 283 1184 B.
308 1131 340 1184 G.
357 1133 412 1181 111.
430 1137 454 1181 9.
471 1128 556 1194 Ionqe
570 1129 648 1180 aliam
663 1143 716 1177 esse
732 1129 798 1176 navi·
843 1130 924 1192 capita
947 1129 992 1178 illc
1015 1136 1081 1179 recte
1099 1129 1200 1180 Caesari
1223 1139 1324 1194 possent
1347 1133 1393 1182 tri·

246 1214 370 1280 pationem
394 1214 420 1262 in
445 1210 556 1262 concluso
581 1211 658 1270 mari,
680 1218 756 1274 atque
772 1209 798 1258 in
844 1210 894 1258 bui.
930 1209 1056 1259 Aoourata
1087 1211 1235 1261 Britanniae
1259 1214 1392 1278 descriptio

246 1294 387 1346 castissimo
413 1302 489 1356 atque
513 1287 670 1357 apertissimo
694 1289 796 1339 Oceano.
843 1289 894 1338 iam
910 1290 972 1339 olim
988 1291 1178 1340 commentarios
1196 1291 1391 1345 Caesariefeeie·

247 1375 302 1425 111.
332 1380 370 1424 ts.
395 1371 541 1436 Summaque
562 1380 619 1420 erat
633 1379 705 1420 caeto
721 1379 797 1434 atque
843 1372 885 1419 bat
909 1377 1042 1434 suspectos.
1064 1371 1153 1434 Neque
1178 1387 1208 1422 ea
1222 1375 1322 1424 delendi
1338 1382 1392 1439 pot·

244 1456 414 1522 oportuniori
430 1453 565 1517 difficultas
580 1451 721 1516 accipendi.
732 1451 796 1501 Con·
842 1458 893 1511 est,
909 1459 938 1500 ut
953 1453 1065 1502 defendit
1080 1452 1198 1504 Davisius
1211 1456 1244 1504 ad
1256 1456 1289 1504 B.
1307 1455 1339 1506 G.
1354 1457 1391 1507 V.

244 1540 339 1590 iectura
354 1537 388 1584 N.
406 1534 796 1598 Heinsiiinapertononestpro-
845 1537 883 1581 1³.
904 1534 975 1596 quasi
993 1533 1084 1584 Caesar
1100 1534 1148 1584 ista
1164 1548 1197 1586 ex
1214 1536 1282 1586 lama
1297 1553 1389 1600 cogno·

243 1620 335 1670 banda.
353 1617 475 1666 Heinsius
487 1615 638 1665 taliesubito
649 1614 797 1663 inobertum
841 1614 926 1662 visset.
959 1615 1041 1674 Nem,
1066 1620 1095 1664 ut
1116 1615 1166 1664 alia
1182 1617 1310 1677 ominem,
1326 1632 1394 1681 quae

244 1699 404 1757 conficiebat,
420 1695 797 1762 quaepostea,credo,emplius
841 1700 894 1744 tam
918 1695 988 1744 brevi
1012 1702 1038 1744 et
1061 1702 1099 1746 tot
1114 1696 1191 1746 tentis
1207 1697 1393 1748 difficultatibus

244 1779 561 1838 considerata,delevisset.
570 1777 660 1840 Neque
667 1776 797 1824 laudamus
842 1775 974 1838 impeditus
998 1777 1062 1826 scire
1077 1793 1129 1826 non
1146 1779 1240 1840 potuit,
1257 1779 1299 1828 sel
1315 1777 1393 1844 longi.

244 1857 796 1924 Ernestum,quodomnia,quaeaBurmanno
844 1855 901 1904 tado
926 1855 1035 1917 insulae,
1060 1858 1120 1921 ipsis
1145 1873 1263 1921 passuum
1279 1860 1393 1910 millibus

243 1938 813 2007 acceperat,Heinsiana‚sicsinedelectuedidit.
842 1937 925 1996 finita,
942 1953 994 1986 nou
1011 1937 1046 1988 sic
1063 1952 1097 1987 ex
1113 1939 1180 1988 fama
1195 1939 1391 2004 statuamqu-

277 2023 393 2073 Formam
411 2022 487 2071 totius
503 2019 664 2071 Britanniae.
692 2019 795 2068 Nomen
841 2019 900 2068 dem
923 2019 972 2066 ista
995 2020 1028 2068 de
1054 2019 1188 2070 Britannia
1203 2036 1280 2071 manu
1295 2022 1393 2072 librarii

244 2107 393 2168 Britanniae
409 2105 442 2153 ad
457 2103 587 2152 fastidium
594 2103 705 2150 iteratur.
725 2099 796 2149 Audi
842 2113 876 2148 ex
891 2099 941 2148 elio
957 2101 1076 2163 scriptore
1092 2101 1285 2152 Commembs
1297 2103 1393 2154 usare

244 2187 391 2236 brevissimo
407 2185 539 2234 intervallo
556 2177 795 2246 separatazBritan·
841 2193 894 2228 esse
918 2181 1038 2241 ooniieio,
1063 2195 1110 2230 nee
1134 2189 1233 2232 mutum
1258 2197 1300 2242 ea,
1324 2196 1392 2247 quae

244 2267 301 2316 niae
318 2261 795 2324 situm,Britanniainsularum,totius
840 2261 957 2324 leguntur
974 2263 1025 2311 1v.
1046 2267 1150 2314 12-14.
1176 2265 1220 2314 sad
1233 2265 1309 2314 etiem
1322 2277 1393 2327 quae

206 2347 209 2354 '
244 2345 406 2406 Britanniae,
422 2342 658 2394 eseeBritanniam.
693 2343 794 2392 Tacitus
839 2342 956 2404 leguntur
973 2344 1025 2392 IV.
1043 2348 1084 2392 33.
1102 2345 1134 2393 de
1150 2344 1294 2396 essedariis.
1320 2345 1392 2394 Nem

246 2444 299 2478 non
323 2428 359 2476 ita
375 2427 467 2476 scribit.
501 2426 553 2474 Hie
569 2424 673 2474 omnino
692 2425 793 2474 sufficie·
839 2428 864 2470 at
895 2423 944 2471 hoc
975 2437 1054 2485 genus
1086 2438 1184 2487 pugnae
1209 2426 1268 2474 „ets
1299 2424 1392 2474 insani.

245 2509 300 2558 bct:
318 2506 435 2556 Formam
450 2505 539 2556 Liuias
555 2513 662 2554 aeteram
671 2519 707 2569 sq.
718 2506 792 2554 Prae
838 2504 905 2565 gitur
929 2517 964 2552 ex
993 2503 1027 2552 V.
1054 2508 1092 2552 16.
1119 2511 1161 2564 et,
1177 2505 1235 2554 licet
1260 2505 1392 2578 menon,

244 2588 318 2641 cessit
333 2585 487 2636 Britanniae
502 2586 583 2636 sitam.
600 2587 793 2649 Explicatobre·
837 2598 913 2648 quam
929 2598 993 2647 quae
1010 2584 1103 2634 inserta
1120 2591 1179 2634 sunt
1194 2587 1227 2636 de
1243 2587 1390 2644 Britannia,

244 2669 309 2718 viter
334 2669 397 2728 situ,
422 2668 483 2716 dicit
507 2668 538 2716 de
557 2668 655 2731 forma.
689 2667 722 2715 In
744 2681 794 2730 qus
839 2671 923 2727 aptam
952 2665 1071 2714 orationis
1096 2667 1286 2716 concoctionem
1310 2680 1392 2730 aeque

245 2749 350 2812 cogitari
365 2745 530 2807 Britanniae,
546 2761 586 2797 res
603 2747 785 2811 ipsaloquitnr.
839 2751 913 2809 atque
937 2746 987 2794 elia
1010 2746 1157 2810 impediunt.
1194 2748 1310 2797 Tacitum
1333 2747 1389 2811 qui·

278 2828 368 2880 Liuias
397 2837 517 2887 veteram,
548 2826 644 2876 Fabius
673 2826 794 2876 Raeticae
839 2827 898 2875 dem
919 2827 984 2876 nihil
1007 2842 1094 2878 eorum
1109 2828 1137 2876 in
1153 2828 1336 2878 commentariis
1352 2828 1392 2878 vi·

245 2911 378 2961 recentiam
391 2908 589 2974 eloquentissimi.
609 2909 794 2958 Wexioadmo·
839 2899 905 2956 diss'e
920 2909 1002 2958 credo.
1018 2907 1070 2969 Qui
1089 2908 1390 2960 CaesareminGerman.

246 2995 308 3044 dum
335 2993 428 3042 mitum
451 2993 550 3042 videtur
575 2991 692 3040 Tacitum
715 2991 743 3038 iu
763 2991 794 3040 iis
841 2994 871 3038 28
894 2989 929 3038 sic
945 2990 1045 3038 laudat:
1069 2987 1213 3040 Validiores
1228 2989 1286 3040 olins
1305 2987 1390 3040 Getta

246 3075 417 3139 scriptoribus,
449 3073 493 3138 qui
525 3073 684 3122 Britanniam
706 3073 794 3120 desmi-
840 3086 893 3118 ram
908 3085 950 3118 ree
960 3069 1061 3134 faisse,
1078 3087 1182 3120 summm
1198 3079 1324 3121 auctarum
1339 3070 1392 3121 Di·

245 3156 354 3218 pserint,
376 3155 474 3204 nullam
497 3153 579 3204 iacere
604 3155 664 3202 Iulii
682 3152 795 3203 Caesaris
840 3166 884 3199 uas
907 3147 991 3200 Iuliae
1007 3149 1098 3209 tradit,
1116 3152 1190 3216 idque
1206 3159 1306 3217 propter
1321 3155 1391 3204 testi·

246 3235 414 3292 mentionem,
431 3249 506 3299 quem
522 3235 596 3293 alibi,
614 3237 640 3282 in
659 3233 743 3284 Germ.
754 3239 794 3282 28.
840 3232 954 3280 monium
970 3232 996 3280 in
1013 3247 1065 3281 una
1082 3247 1122 3292 re,
1140 3235 1176 3282 sic
1192 3234 1338 3282 brevissime
1352 3234 1391 3282 di·

246 3321 434 3366 commemorat.
476 3316 578 3378 Neque,
602 3315 651 3374 eit,
677 3315 704 3363 in
728 3315 796 3362 hune
841 3317 922 3370 ctum,
939 3313 983 3361 ille
999 3319 1052 3362 tem
1068 3315 1160 3374 multe,
1177 3315 1392 3378 qneeidemsum-

246 3397 328 3456 audit,
353 3397 421 3461 quod
445 3397 517 3446 initio
540 3395 615 3444 huius
631 3395 719 3458 cepitis
736 3396 795 3444 dici·
840 3405 896 3440 mus
917 3399 1047 3442 enatorum
1069 3396 1101 3444 de
1127 3395 1260 3444 Britannia
1274 3394 1392 3444 tradidis-

247 3487 301 3529 tur:
337 3493 401 3541 qaae
422 3477 524 3543 priores
547 3475 649 3525 nondam
672 3484 797 3540 comperta
842 3479 892 3532 set,
914 3474 950 3523 sic
966 3475 1067 3524 silentio
1082 3478 1215 3539 praeterire
1231 3491 1283 3526 non
1299 3476 1390 3538 potuit.

247 3559 387 3622 ebqaentia
407 3557 560 3623 percoluere.
596 3557 677 3605 Addit
702 3571 729 3606 se
745 3572 796 3606 em-
841 3554 970 3605 Librerios
994 3557 1042 3606 ists
1066 3557 1250 3608 commentariis
1275 3555 1391 3607 Caesaris

247 3640 322 3704 plecti
354 3639 422 3689 nolle
446 3639 590 3702 opinionem
615 3639 796 3688 Britannorum
840 3635 973 3686 inseruisse
997 3652 1031 3688 ex
1055 3653 1128 3701 opere
1155 3638 1245 3701 Quinti
1261 3636 1390 3688 Ciceronis

247 3720 408 3778 militarium,
432 3719 476 3782 qui
492 3733 580 3768 omues
601 3718 714 3769 Caesaris
730 3733 795 3768 com·
841 3719 962 3768 coniicere
986 3721 1115 3778 auderem,
1137 3721 1159 3770 si
1175 3721 1247 3770 illum
1262 3719 1311 3768 hoc
1326 3731 1390 3782 opus

247 3800 383 3850 menterios
399 3800 583 3863 putebentnon
600 3815 616 3848 a
629 3797 796 3850 Caesareanae
841 3800 975 3850 absolvisse
999 3807 1024 3849 et
1040 3801 1146 3850 edidisse
1161 3807 1293 3852 constaret
1320 3801 1389 3850 Mar·

249 3882 367 3946 scriptos,
392 3881 484 3945 quippe
507 3881 551 3945 qui
575 3882 682 3944 madent
706 3883 796 3932 ducem
841 3893 884 3929 cus
908 3881 984 3930 trater
1007 3882 1034 3930 in
1060 3883 1140 3945 Bpist.
1167 3884 1205 3932 11.
1234 3887 1272 3932 to.
1290 3881 1390 3942 Quinto

246 3965 380 4028 regionum
403 3963 531 4026 ignarum,
557 3968 631 4025 etque
653 3962 712 4012 artis
736 3963 796 4012 belli
841 3963 940 4011 scribit:
965 3960 1122 4012 Oinonndae
1138 3963 1198 4014 miti
1215 3969 1271 4012 tuas
1287 3960 1389 4012 deliri·

247 4053 273 4096 et
297 4061 356 4096 usus
380 4045 495 4095 militaris
519 4051 660 4107 expertem
682 4045 795 4094 dubitem
841 4044 927 4092 tannia
943 4043 1047 4092 literas!
1069 4043 1191 4094 Timebam
1213 4042 1340 4103 Οειαηιιηι,
1358 4044 1390 4094 ti-

247 4136 346 4189 tamen‚
364 4143 396 4176 en
420 4127 465 4176 ilia
488 4125 620 4188 descriptio
647 4125 795 4175 Britanniae
840 4125 1005 4174 natantum
1021 4125 1125 4176 insulae.
1147 4125 1258 4188 Reliqua
1266 4141 1312 4174 non
1320 4125 1388 4188 equi·

249 4211 282 4260 B.
301 4209 398 4260 Gallico
416 4207 451 4258 V.
471 4208 680 4271 12—14.'abipso
689 4205 795 4258 Caesare
840 4206 893 4255 dena
917 4215 1050 4267 contemno,
1071 4207 1117 4256 sed
1127 4207 1188 4272 plue
1204 4216 1284 4256 tamen
1299 4206 1390 4258 tuear

247 4291 279 4338 sit
295 4291 443 4354 composita,
459 4289 604 4353 praesertim
619 4301 677 4337 cum
693 4303 744 4337 non
758 4303 794 4337 sa·
841 4287 908 4352 spei,
926 4303 999 4350 mom
1014 4289 1121 4349 nasone,
1138 4290 1264 4355 napisqae
1280 4301 1332 4337 som
1340 4286 1389 4336 sol·

249 4371 282 4424 tis
299 4377 356 4433 apto
372 4372 426 4422 lom
443 4371 572 4421 interiecta
588 4372 633 4430 sit,
650 4376 688 4429 et,
703 4371 795 4419 omissa
840 4368 924 4417 licitus
949 4369 1131 4434 exspectatione
1156 4386 1199 4431 ea,
1226 4385 1298 4434 quam
1314 4376 1388 4418 meta.

250 4465 293 4511 ea,
318 4452 465 4502 narrationis
489 4453 639 4516 perpetuitas
663 4467 715 4502 non
738 4465 794 4501 con·
845 4448 881 4502 Te
897 4465 953 4500 vera
969 4448 1245 4506 tnteeaesetoeaatt
1265 4451 1391 4516 eprepiane
