<?xml version="1.0" encoding="UTF-8"?>
<!DOCTYPE html PUBLIC "-//W3C//DTD XHTML 1.0 Transitional//EN"
    "http://www.w3.org/TR/xhtml1/DTD/xhtml1-transitional.dtd">
<html xmlns="http://www.w3.org/1999/xhtml" xml:lang="en" lang="en">
 <head>
  <title>
</title>
<meta http-equiv="Content-Type" content="text/html;charset=utf-8" />
  <meta name='ocr-system' content='tesseract 3.04.00' />
  <meta name='ocr-capabilities' content='ocr_page ocr_carea ocr_par ocr_line ocrx_word'/>
</head>
<body>
  <div class='ocr_page' id='page_1' title='image "./ccorneliitaciti09tacigoog/ccorneliitaciti09tacigoog_0074.png"; bbox 0 0 3134 5310; ppageno 0'>
   <div class='ocr_carea' id='block_1_1' title="bbox 669 514 1319 582">
    <p class='ocr_par' dir='ltr' id='par_1_1' title="bbox 669 514 1319 582">
     <span class='ocr_line' id='line_1_1' title="bbox 669 514 1319 582; baseline -0.011 0"><span class='ocrx_word' id='word_1_1' title='bbox 669 532 840 582; x_wconf 79' lang='lat' dir='ltr'><strong>scotoma.</strong></span> <span class='ocrx_word' id='word_1_2' title='bbox 1279 514 1319 576; x_wconf 84' lang='lat'><strong>61</strong></span> 
     </span>
    </p>
   </div>
   <div class='ocr_carea' id='block_1_2' title="bbox 172 695 1327 1204">
    <p class='ocr_par' dir='ltr' id='par_1_2' title="bbox 172 695 1327 1204">
     <span class='ocr_line' id='line_1_2' title="bbox 172 695 1325 776; baseline -0.01 -2"><span class='ocrx_word' id='word_1_3' title='bbox 172 704 390 776; x_wconf 74' lang='lat' dir='ltr'><strong>detrectandis</strong></span> <span class='ocrx_word' id='word_1_4' title='bbox 426 702 535 770; x_wconf 87' lang='lat' dir='ltr'><strong>eadem</strong></span> <span class='ocrx_word' id='word_1_5' title='bbox 574 701 721 766; x_wconf 80' lang='lat' dir='ltr'><strong>formido.</strong></span> <span class='ocrx_word' id='word_1_6' title='bbox 771 700 845 764; x_wconf 90' lang='lat' dir='ltr'><strong>Pius</strong></span> <span class='ocrx_word' id='word_1_7' title='bbox 880 711 986 764; x_wconf 89' lang='lat' dir='ltr'><strong>tamen</strong></span> <span class='ocrx_word' id='word_1_8' title='bbox 1022 696 1158 762; x_wconf 84' lang='lat' dir='ltr'><strong>ferociae</strong></span> <span class='ocrx_word' id='word_1_9' title='bbox 1182 695 1325 764; x_wconf 76' lang='lat' dir='ltr'>Britanni</span> 
     </span>
     <span class='ocr_line' id='line_1_3' title="bbox 173 801 1323 904; baseline -0.012 -24"><span class='ocrx_word' id='word_1_10' title='bbox 173 814 385 904; x_wconf 81' lang='lat' dir='ltr'><strong>praeierunt,</strong></span> <span class='ocrx_word' id='word_1_11' title='bbox 411 821 447 874; x_wconf 90' lang='lat' dir='ltr'><strong>ut</strong></span> <span class='ocrx_word' id='word_1_12' title='bbox 472 830 550 896; x_wconf 90' lang='lat' dir='ltr'><strong>quos</strong></span> <span class='ocrx_word' id='word_1_13' title='bbox 573 805 716 872; x_wconf 89' lang='lat' dir='ltr'><strong>nondum</strong></span> <span class='ocrx_word' id='word_1_14' title='bbox 738 805 834 893; x_wconf 76' lang='lat' dir='ltr'><strong>longa</strong></span> <span class='ocrx_word' id='word_1_15' title='bbox 854 827 914 894; x_wconf 86' lang='lat' dir='ltr'><strong>pax</strong></span> <span class='ocrx_word' id='word_1_16' title='bbox 934 802 1115 870; x_wconf 89' lang='lat' dir='ltr'><strong>emollierit.</strong></span> <span class='ocrx_word' id='word_1_17' title='bbox 1140 801 1222 868; x_wconf 91' lang='lat' dir='ltr'><strong>Nam</strong></span> <span class='ocrx_word' id='word_1_18' title='bbox 1249 802 1323 868; x_wconf 89' lang='lat' dir='ltr'><strong>Gal-</strong></span> 
     </span>
     <span class='ocr_line' id='line_1_4' title="bbox 172 906 1325 1005; baseline -0.01 -21"><span class='ocrx_word' id='word_1_19' title='bbox 172 921 223 984; x_wconf 90' lang='lat' dir='ltr'><strong>los</strong></span> <span class='ocrx_word' id='word_1_20' title='bbox 259 937 389 1005; x_wconf 87' lang='lat' dir='ltr'><strong>quoquc</strong></span> <span class='ocrx_word' id='word_1_21' title='bbox 424 915 457 978; x_wconf 93' lang='lat' dir='ltr'><strong>in</strong></span> <span class='ocrx_word' id='word_1_22' title='bbox 487 912 578 978; x_wconf 86' lang='lat' dir='ltr'><strong>bellis</strong></span> <span class='ocrx_word' id='word_1_23' title='bbox 601 912 743 978; x_wconf 90' lang='lat' dir='ltr'><strong>lioruissa</strong></span> <span class='ocrx_word' id='word_1_24' title='bbox 775 910 973 998; x_wconf 88' lang='lat' dir='ltr'><strong>accepimus;</strong></span> <span class='ocrx_word' id='word_1_25' title='bbox 1001 929 1073 972; x_wconf 89' lang='lat' dir='ltr'><strong>mor</strong></span> <span class='ocrx_word' id='word_1_26' title='bbox 1095 906 1227 996; x_wconf 74' lang='lat' dir='ltr'><strong>segnitia</strong></span> <span class='ocrx_word' id='word_1_27' title='bbox 1251 929 1325 973; x_wconf 90' lang='lat' dir='ltr'><strong>cum</strong></span> 
     </span>
     <span class='ocr_line' id='line_1_5' title="bbox 176 1011 1325 1105; baseline -0.009 -17"><span class='ocrx_word' id='word_1_28' title='bbox 176 1023 246 1088; x_wconf 92' lang='lat' dir='ltr'><strong>otio</strong></span> <span class='ocrx_word' id='word_1_29' title='bbox 279 1019 429 1096; x_wconf 86' lang='lat' dir='ltr'><strong>intravit,</strong></span> <span class='ocrx_word' id='word_1_30' title='bbox 467 1017 579 1080; x_wconf 88' lang='lat' dir='ltr'><strong>amissa</strong></span> <span class='ocrx_word' id='word_1_31' title='bbox 609 1017 725 1082; x_wconf 91' lang='lat' dir='ltr'><strong>virtute</strong></span> <span class='ocrx_word' id='word_1_32' title='bbox 747 1016 866 1105; x_wconf 86' lang='lat' dir='ltr'><strong>pariter</strong></span> <span class='ocrx_word' id='word_1_33' title='bbox 890 1037 927 1079; x_wconf 88' lang='lat' dir='ltr'><strong>ac</strong></span> <span class='ocrx_word' id='word_1_34' title='bbox 950 1012 1109 1078; x_wconf 88' lang='lat' dir='ltr'><strong>libertate.</strong></span> <span class='ocrx_word' id='word_1_35' title='bbox 1137 1011 1228 1097; x_wconf 79' lang='lat' dir='ltr'><strong>Quod</strong></span> <span class='ocrx_word' id='word_1_36' title='bbox 1254 1013 1325 1078; x_wconf 89' lang='lat' dir='ltr'><strong>Bri·</strong></span> 
     </span>
     <span class='ocr_line' id='line_1_6' title="bbox 176 1115 1327 1204; baseline -0.01 -11"><span class='ocrx_word' id='word_1_37' title='bbox 176 1140 352 1193; x_wconf 84' lang='lat' dir='ltr'><strong>tannorum</strong></span> <span class='ocrx_word' id='word_1_38' title='bbox 397 1122 475 1186; x_wconf 92' lang='lat' dir='ltr'><strong>olim</strong></span> <span class='ocrx_word' id='word_1_39' title='bbox 508 1121 598 1186; x_wconf 91' lang='lat' dir='ltr'><strong>victis</strong></span> <span class='ocrx_word' id='word_1_40' title='bbox 630 1121 752 1198; x_wconf 89' lang='lat' dir='ltr'><strong>ereuit;</strong></span> <span class='ocrx_word' id='word_1_41' title='bbox 789 1121 886 1186; x_wconf 87' lang='lat' dir='ltr'><strong>ceteri</strong></span> <span class='ocrx_word' id='word_1_42' title='bbox 921 1128 1071 1193; x_wconf 88' lang='lat' dir='ltr'><strong>manent,</strong></span> <span class='ocrx_word' id='word_1_43' title='bbox 1109 1116 1217 1204; x_wconf 86' lang='lat' dir='ltr'><strong>quales</strong></span> <span class='ocrx_word' id='word_1_44' title='bbox 1242 1115 1327 1183; x_wconf 88' lang='lat' dir='ltr'><strong>Galli</strong></span> 
     </span>
    </p>
   </div>
   <div class='ocr_carea' id='block_1_3' title="bbox 175 1233 1326 1420">
    <p class='ocr_par' dir='ltr' id='par_1_3' title="bbox 175 1233 1326 1420">
     <span class='ocr_line' id='line_1_7' title="bbox 175 1233 1326 1420; baseline -0.004 -21"><span class='ocrx_word' id='word_1_45' title='bbox 175 1233 320 1399; x_wconf 54' lang='lat' dir='ltr'><strong>fueffii·</strong></span> <span class='ocrx_word' id='word_1_46' title='bbox 340 1333 378 1398; x_wconf 91' lang='lat' dir='ltr'><strong>Iu</strong></span> <span class='ocrx_word' id='word_1_47' title='bbox 414 1329 521 1420; x_wconf 88' lang='lat' dir='ltr'><strong>pedite</strong></span> <span class='ocrx_word' id='word_1_48' title='bbox 556 1330 674 1410; x_wconf 91' lang='lat' dir='ltr'><strong>robur;</strong></span> <span class='ocrx_word' id='word_1_49' title='bbox 713 1328 869 1418; x_wconf 91' lang='lat' dir='ltr'><strong>quaedam</strong></span> <span class='ocrx_word' id='word_1_50' title='bbox 893 1327 1035 1392; x_wconf 91' lang='lat' dir='ltr'><strong>nationes</strong></span> <span class='ocrx_word' id='word_1_51' title='bbox 1060 1337 1091 1392; x_wconf 91' lang='lat' dir='ltr'><strong>et</strong></span> <span class='ocrx_word' id='word_1_52' title='bbox 1116 1347 1211 1392; x_wconf 90' lang='lat' dir='ltr'><strong>curru</strong></span> <span class='ocrx_word' id='word_1_53' title='bbox 1234 1349 1326 1417; x_wconf 86' lang='lat' dir='ltr'><strong>proc-</strong></span> 
     </span>
    </p>
   </div>
   <div class='ocr_carea' id='block_1_4' title="bbox 175 1429 1327 1731">
    <p class='ocr_par' dir='ltr' id='par_1_4' title="bbox 175 1429 1327 1731">
     <span class='ocr_line' id='line_1_8' title="bbox 175 1429 1326 1524; baseline -0.005 -22"><span class='ocrx_word' id='word_1_54' title='bbox 175 1438 319 1515; x_wconf 86' lang='lat' dir='ltr'><strong>liantur3</strong></span> <span class='ocrx_word' id='word_1_55' title='bbox 360 1437 521 1503; x_wconf 76' lang='lat' dir='ltr'><strong>honestior</strong></span> <span class='ocrx_word' id='word_1_56' title='bbox 558 1435 686 1524; x_wconf 73' lang='lat' dir='ltr'><strong>auriga,</strong></span> <span class='ocrx_word' id='word_1_57' title='bbox 719 1435 850 1502; x_wconf 91' lang='lat' dir='ltr'><strong>clientes</strong></span> <span class='ocrx_word' id='word_1_58' title='bbox 874 1443 1086 1523; x_wconf 72' lang='lat' dir='ltr'><strong>propugnant.</strong></span> <span class='ocrx_word' id='word_1_59' title='bbox 1136 1429 1221 1498; x_wconf 87' lang='lat' dir='ltr'><strong>Olim</strong></span> <span class='ocrx_word' id='word_1_60' title='bbox 1245 1433 1326 1520; x_wconf 76' lang='lat' dir='ltr'><strong>regi-</strong></span> 
     </span>
     <span class='ocr_line' id='line_1_9' title="bbox 175 1537 1326 1630; baseline -0.004 -24"><span class='ocrx_word' id='word_1_61' title='bbox 175 1542 240 1606; x_wconf 87' lang='lat' dir='ltr'><strong>bus</strong></span> <span class='ocrx_word' id='word_1_62' title='bbox 275 1541 449 1628; x_wconf 89' lang='lat' dir='ltr'><strong>parebant,</strong></span> <span class='ocrx_word' id='word_1_63' title='bbox 486 1561 573 1606; x_wconf 89' lang='lat' dir='ltr'><strong>nuuc</strong></span> <span class='ocrx_word' id='word_1_64' title='bbox 595 1563 653 1629; x_wconf 90' lang='lat' dir='ltr'><strong>per</strong></span> <span class='ocrx_word' id='word_1_65' title='bbox 674 1540 835 1630; x_wconf 88' lang='lat' dir='ltr'><strong>principes</strong></span> <span class='ocrx_word' id='word_1_66' title='bbox 857 1537 1048 1604; x_wconf 81' lang='lat' dir='ltr'><strong>factionibus</strong></span> <span class='ocrx_word' id='word_1_67' title='bbox 1071 1549 1103 1601; x_wconf 89' lang='lat' dir='ltr'><strong>et</strong></span> <span class='ocrx_word' id='word_1_68' title='bbox 1127 1537 1236 1604; x_wconf 90' lang='lat' dir='ltr'><strong>studiis</strong></span> <span class='ocrx_word' id='word_1_69' title='bbox 1261 1551 1326 1603; x_wconf 89' lang='lat' dir='ltr'><strong>tro-</strong></span> 
     </span>
     <span class='ocr_line' id='line_1_10' title="bbox 176 1641 1327 1731; baseline -0.005 -20"><span class='ocrx_word' id='word_1_70' title='bbox 176 1646 321 1720; x_wconf 91' lang='lat' dir='ltr'><strong>huntur,</strong></span> <span class='ocrx_word' id='word_1_71' title='bbox 363 1667 423 1711; x_wconf 90' lang='lat' dir='ltr'><strong>nec</strong></span> <span class='ocrx_word' id='word_1_72' title='bbox 459 1642 545 1710; x_wconf 90' lang='lat' dir='ltr'><strong>aliud</strong></span> <span class='ocrx_word' id='word_1_73' title='bbox 581 1643 726 1710; x_wconf 87' lang='lat' dir='ltr'><strong>adversus</strong></span> <span class='ocrx_word' id='word_1_74' title='bbox 760 1641 964 1710; x_wconf 88' lang='lat' dir='ltr'><strong>validissimas</strong></span> <span class='ocrx_word' id='word_1_75' title='bbox 1000 1652 1108 1730; x_wconf 80' lang='lat' dir='ltr'><strong>gentes</strong></span> <span class='ocrx_word' id='word_1_76' title='bbox 1142 1664 1199 1731; x_wconf 95' lang='lat' dir='ltr'><strong>pro</strong></span> <span class='ocrx_word' id='word_1_77' title='bbox 1235 1642 1327 1707; x_wconf 88' lang='lat' dir='ltr'><strong>uobis</strong></span> 
     </span>
    </p>
   </div>
   <div class='ocr_carea' id='block_1_5' title="bbox 170 1856 1327 4528">
    <p class='ocr_par' dir='ltr' id='par_1_5' title="bbox 174 1856 1327 3460">
     <span class='ocr_line' id='line_1_11' title="bbox 177 1856 1326 1928; baseline -0.008 -12"><span class='ocrx_word' id='word_1_78' title='bbox 177 1867 212 1916; x_wconf 87' lang='lat' dir='ltr'><strong>ad</strong></span> <span class='ocrx_word' id='word_1_79' title='bbox 231 1861 411 1928; x_wconf 71' lang='lat' dir='ltr'><strong>deprehendas,</strong></span> <span class='ocrx_word' id='word_1_80' title='bbox 429 1863 473 1910; x_wconf 86' lang='lat' dir='ltr'><strong>aed</strong></span> <span class='ocrx_word' id='word_1_81' title='bbox 489 1863 522 1910; x_wconf 89' lang='lat' dir='ltr'><strong>ad</strong></span> <span class='ocrx_word' id='word_1_82' title='bbox 537 1875 592 1910; x_wconf 87' lang='lat' dir='ltr'><strong>rem</strong></span> <span class='ocrx_word' id='word_1_83' title='bbox 609 1861 730 1924; x_wconf 76' lang='lat' dir='ltr'><strong>significa</strong></span> <span class='ocrx_word' id='word_1_84' title='bbox 776 1861 812 1911; x_wconf 88' lang='lat' dir='ltr'><strong>lia</strong></span> <span class='ocrx_word' id='word_1_85' title='bbox 829 1861 967 1910; x_wconf 88' lang='lat' dir='ltr'><strong>Britannis.</strong></span> <span class='ocrx_word' id='word_1_86' title='bbox 994 1862 1063 1924; x_wconf 77' lang='lat' dir='ltr'><strong>Ergo</strong></span> <span class='ocrx_word' id='word_1_87' title='bbox 1079 1860 1196 1909; x_wconf 81' lang='lat' dir='ltr'><strong>credibile</strong></span> <span class='ocrx_word' id='word_1_88' title='bbox 1214 1864 1251 1907; x_wconf 88' lang='lat' dir='ltr'><strong>est</strong></span> <span class='ocrx_word' id='word_1_89' title='bbox 1268 1856 1326 1908; x_wconf 82' lang='lat' dir='ltr'><strong>Gal·</strong></span> 
     </span>
     <span class='ocr_line' id='line_1_12' title="bbox 176 1940 1327 2007; baseline -0.005 -13"><span class='ocrx_word' id='word_1_90' title='bbox 176 1952 241 1994; x_wconf 89' lang='lat' dir='ltr'><strong>turn.</strong></span> <span class='ocrx_word' id='word_1_91' title='bbox 252 1941 462 2007; x_wconf 78' lang='lat' dir='ltr'><strong>Superstitianum</strong></span> <span class='ocrx_word' id='word_1_92' title='bbox 467 1941 600 2006; x_wconf 84' lang='lat' dir='ltr'><strong>persuasio</strong></span> <span class='ocrx_word' id='word_1_93' title='bbox 609 1942 636 1990; x_wconf 91' lang='lat' dir='ltr'><strong>in</strong></span> <span class='ocrx_word' id='word_1_94' title='bbox 644 1955 731 1990; x_wconf 87' lang='lat' dir='ltr'><strong>caussa</strong></span> <span class='ocrx_word' id='word_1_95' title='bbox 776 1944 814 1992; x_wconf 87' lang='lat' dir='ltr'><strong>los</strong></span> <span class='ocrx_word' id='word_1_96' title='bbox 837 1957 968 2006; x_wconf 82' lang='lat' dir='ltr'><strong>occupasse</strong></span> <span class='ocrx_word' id='word_1_97' title='bbox 984 1941 1101 1991; x_wconf 85' lang='lat' dir='ltr'><strong>insulam.</strong></span> <span class='ocrx_word' id='word_1_98' title='bbox 1136 1940 1196 1990; x_wconf 86' lang='lat' dir='ltr'><strong>Non</strong></span> <span class='ocrx_word' id='word_1_99' title='bbox 1212 1940 1268 2003; x_wconf 90' lang='lat' dir='ltr'><strong>plus</strong></span> <span class='ocrx_word' id='word_1_100' title='bbox 1284 1953 1327 1988; x_wconf 88' lang='lat' dir='ltr'><strong>va·</strong></span> 
     </span>
     <span class='ocr_line' id='line_1_13' title="bbox 175 2019 1327 2086; baseline -0.006 -12"><span class='ocrx_word' id='word_1_101' title='bbox 175 2025 241 2084; x_wconf 82' lang='lat' dir='ltr'><strong>fuit,</strong></span> <span class='ocrx_word' id='word_1_102' title='bbox 266 2029 295 2072; x_wconf 91' lang='lat' dir='ltr'><strong>nt</strong></span> <span class='ocrx_word' id='word_1_103' title='bbox 319 2036 389 2072; x_wconf 86' lang='lat' dir='ltr'><strong>sacra</strong></span> <span class='ocrx_word' id='word_1_104' title='bbox 406 2020 537 2072; x_wconf 82' lang='lat' dir='ltr'><strong>Gallorum</strong></span> <span class='ocrx_word' id='word_1_105' title='bbox 552 2023 580 2071; x_wconf 88' lang='lat' dir='ltr'><strong>in</strong></span> <span class='ocrx_word' id='word_1_106' title='bbox 597 2023 731 2072; x_wconf 85' lang='lat' dir='ltr'><strong>Britannia</strong></span> <span class='ocrx_word' id='word_1_107' title='bbox 776 2025 811 2073; x_wconf 89' lang='lat' dir='ltr'><strong>let</strong></span> <span class='ocrx_word' id='word_1_108' title='bbox 836 2037 913 2086; x_wconf 88' lang='lat' dir='ltr'><strong>quam</strong></span> <span class='ocrx_word' id='word_1_109' title='bbox 937 2024 958 2070; x_wconf 90' lang='lat' dir='ltr'><strong>si</strong></span> <span class='ocrx_word' id='word_1_110' title='bbox 979 2023 1059 2072; x_wconf 84' lang='lat' dir='ltr'><strong>dicas:</strong></span> <span class='ocrx_word' id='word_1_111' title='bbox 1078 2034 1137 2084; x_wconf 82' lang='lat' dir='ltr'><strong>ergo</strong></span> <span class='ocrx_word' id='word_1_112' title='bbox 1153 2019 1272 2068; x_wconf 74' lang='lat' dir='ltr'><strong>credibile</strong></span> <span class='ocrx_word' id='word_1_113' title='bbox 1289 2025 1327 2068; x_wconf 88' lang='lat' dir='ltr'><strong>est</strong></span> 
     </span>
     <span class='ocr_line' id='line_1_14' title="bbox 175 2100 1324 2166; baseline -0.005 -12"><span class='ocrx_word' id='word_1_114' title='bbox 175 2101 647 2166; x_wconf 81' lang='lat' dir='ltr'><strong>essent,nonutdepreheuderentur.&#39;&#39;</strong></span> <span class='ocrx_word' id='word_1_115' title='bbox 662 2102 732 2164; x_wconf 79' lang='lat' dir='ltr'><strong>Quid</strong></span> <span class='ocrx_word' id='word_1_116' title='bbox 777 2105 914 2154; x_wconf 85' lang='lat' dir='ltr'><strong>Britannos</strong></span> <span class='ocrx_word' id='word_1_117' title='bbox 931 2103 1042 2152; x_wconf 86' lang='lat' dir='ltr'><strong>vicinam</strong></span> <span class='ocrx_word' id='word_1_118' title='bbox 1058 2100 1168 2151; x_wconf 86' lang='lat' dir='ltr'><strong>Galliam</strong></span> <span class='ocrx_word' id='word_1_119' title='bbox 1185 2113 1324 2162; x_wconf 86' lang='lat' dir='ltr'><strong>occupasse.</strong></span> 
     </span>
     <span class='ocr_line' id='line_1_15' title="bbox 175 2178 1325 2247; baseline -0.005 -11"><span class='ocrx_word' id='word_1_120' title='bbox 175 2191 263 2236; x_wconf 66' lang='lat' dir='ltr'><strong>auum</strong></span> <span class='ocrx_word' id='word_1_121' title='bbox 288 2185 423 2234; x_wconf 88' lang='lat' dir='ltr'><strong>dicendum</strong></span> <span class='ocrx_word' id='word_1_122' title='bbox 446 2185 479 2234; x_wconf 89' lang='lat' dir='ltr'><strong>de</strong></span> <span class='ocrx_word' id='word_1_123' title='bbox 499 2189 663 2246; x_wconf 85' lang='lat' dir='ltr'><strong>argumento,</strong></span> <span class='ocrx_word' id='word_1_124' title='bbox 680 2197 730 2247; x_wconf 89' lang='lat' dir='ltr'><strong>qno</strong></span> <span class='ocrx_word' id='word_1_125' title='bbox 776 2185 893 2234; x_wconf 82' lang='lat' dir='ltr'><strong>Fortasse</strong></span> <span class='ocrx_word' id='word_1_126' title='bbox 910 2184 936 2234; x_wconf 88' lang='lat' dir='ltr'><strong>in</strong></span> <span class='ocrx_word' id='word_1_127' title='bbox 953 2183 1091 2232; x_wconf 84' lang='lat' dir='ltr'><strong>uniuersum</strong></span> <span class='ocrx_word' id='word_1_128' title='bbox 1107 2180 1249 2231; x_wconf 81' lang='lat' dir='ltr'><strong>aestimanti</strong></span> <span class='ocrx_word' id='word_1_129' title='bbox 1265 2178 1325 2230; x_wconf 88' lang='lat' dir='ltr'><strong>Gal·</strong></span> 
     </span>
     <span class='ocr_line' id='line_1_16' title="bbox 176 2260 1325 2328; baseline -0.004 -13"><span class='ocrx_word' id='word_1_130' title='bbox 176 2266 283 2316; x_wconf 81' lang='lat' dir='ltr'><strong>Tacitus</strong></span> <span class='ocrx_word' id='word_1_131' title='bbox 309 2266 402 2324; x_wconf 87' lang='lat' dir='ltr'><strong>utitnr,</strong></span> <span class='ocrx_word' id='word_1_132' title='bbox 421 2263 507 2315; x_wconf 82' lang='lat' dir='ltr'><strong>Gallos</strong></span> <span class='ocrx_word' id='word_1_133' title='bbox 523 2277 656 2328; x_wconf 80' lang='lat' dir='ltr'><strong>occupasse</strong></span> <span class='ocrx_word' id='word_1_134' title='bbox 671 2264 730 2313; x_wconf 82' lang='lat' dir='ltr'><strong>rici·</strong></span> <span class='ocrx_word' id='word_1_135' title='bbox 776 2265 812 2315; x_wconf 88' lang='lat' dir='ltr'><strong>los</strong></span> <span class='ocrx_word' id='word_1_136' title='bbox 837 2266 941 2316; x_wconf 85' lang='lat' dir='ltr'><strong>vicinam</strong></span> <span class='ocrx_word' id='word_1_137' title='bbox 967 2263 1071 2314; x_wconf 83' lang='lat' dir='ltr'><strong>insulam</strong></span> <span class='ocrx_word' id='word_1_138' title='bbox 1096 2276 1229 2327; x_wconf 83' lang='lat' dir='ltr'><strong>occupasse</strong></span> <span class='ocrx_word' id='word_1_139' title='bbox 1247 2260 1325 2312; x_wconf 69' lang='lat' dir='ltr'><strong>medi·</strong></span> 
     </span>
     <span class='ocr_line' id='line_1_17' title="bbox 174 2341 1325 2410; baseline -0.007 -12"><span class='ocrx_word' id='word_1_140' title='bbox 174 2361 239 2398; x_wconf 82' lang='lat' dir='ltr'><strong>nam</strong></span> <span class='ocrx_word' id='word_1_141' title='bbox 256 2346 382 2396; x_wconf 77' lang='lat' dir='ltr'><strong>insariam?</strong></span> <span class='ocrx_word' id='word_1_142' title='bbox 401 2347 452 2394; x_wconf 87' lang='lat' dir='ltr'><strong>Bos</strong></span> <span class='ocrx_word' id='word_1_143' title='bbox 468 2349 728 2408; x_wconf 84' lang='lat' dir='ltr'><strong>oocupassa,proptar·</strong></span> <span class='ocrx_word' id='word_1_144' title='bbox 775 2346 823 2396; x_wconf 75' lang='lat' dir='ltr'><strong>ata</strong></span> <span class='ocrx_word' id='word_1_145' title='bbox 856 2354 894 2394; x_wconf 86' lang='lat' dir='ltr'><strong>est</strong></span> <span class='ocrx_word' id='word_1_146' title='bbox 926 2352 984 2395; x_wconf 85' lang='lat' dir='ltr'><strong>sunt</strong></span> <span class='ocrx_word' id='word_1_147' title='bbox 1009 2344 1160 2410; x_wconf 80' lang='lat' dir='ltr'><strong>glossatoris.</strong></span> <span class='ocrx_word' id='word_1_148' title='bbox 1193 2341 1325 2392; x_wconf 87' lang='lat' dir='ltr'><strong>Sententia</strong></span> 
     </span>
     <span class='ocr_line' id='line_1_18' title="bbox 174 2423 1324 2490; baseline -0.005 -13"><span class='ocrx_word' id='word_1_149' title='bbox 174 2441 208 2477; x_wconf 89' lang='lat' dir='ltr'><strong>ea</strong></span> <span class='ocrx_word' id='word_1_150' title='bbox 223 2440 323 2490; x_wconf 88' lang='lat' dir='ltr'><strong>quoque</strong></span> <span class='ocrx_word' id='word_1_151' title='bbox 339 2426 378 2474; x_wconf 93' lang='lat' dir='ltr'><strong>illi</strong></span> <span class='ocrx_word' id='word_1_152' title='bbox 394 2425 536 2476; x_wconf 84' lang='lat' dir='ltr'><strong>verosimile</strong></span> <span class='ocrx_word' id='word_1_153' title='bbox 550 2426 730 2490; x_wconf 85' lang='lat' dir='ltr'><strong>videtur,quia</strong></span> <span class='ocrx_word' id='word_1_154' title='bbox 775 2435 824 2476; x_wconf 89' lang='lat' dir='ltr'><strong>est:</strong></span> <span class='ocrx_word' id='word_1_155' title='bbox 844 2427 976 2488; x_wconf 83' lang='lat' dir='ltr'><strong>Quaestio,</strong></span> <span class='ocrx_word' id='word_1_156' title='bbox 994 2427 1077 2474; x_wconf 89' lang='lat' dir='ltr'><strong>sintne</strong></span> <span class='ocrx_word' id='word_1_157' title='bbox 1094 2423 1213 2474; x_wconf 87' lang='lat' dir='ltr'><strong>Britanni</strong></span> <span class='ocrx_word' id='word_1_158' title='bbox 1228 2423 1324 2484; x_wconf 84' lang='lat' dir='ltr'><strong>indige-</strong></span> 
     </span>
     <span class='ocr_line' id='line_1_19' title="bbox 176 2498 1324 2570; baseline -0.003 -12"><span class='ocrx_word' id='word_1_159' title='bbox 176 2508 299 2558; x_wconf 86' lang='lat' dir='ltr'><strong>Britanni</strong></span> <span class='ocrx_word' id='word_1_160' title='bbox 331 2506 426 2556; x_wconf 86' lang='lat' dir='ltr'><strong>habent</strong></span> <span class='ocrx_word' id='word_1_161' title='bbox 459 2507 547 2556; x_wconf 87' lang='lat' dir='ltr'><strong>eadem</strong></span> <span class='ocrx_word' id='word_1_162' title='bbox 571 2520 641 2556; x_wconf 84' lang='lat' dir='ltr'><strong>sacra</strong></span> <span class='ocrx_word' id='word_1_163' title='bbox 664 2520 728 2570; x_wconf 91' lang='lat' dir='ltr'><strong>quac</strong></span> <span class='ocrx_word' id='word_1_164' title='bbox 774 2522 821 2558; x_wconf 84' lang='lat' dir='ltr'><strong>naa</strong></span> <span class='ocrx_word' id='word_1_165' title='bbox 838 2522 871 2556; x_wconf 88' lang='lat' dir='ltr'><strong>an</strong></span> <span class='ocrx_word' id='word_1_166' title='bbox 888 2507 997 2566; x_wconf 86' lang='lat' dir='ltr'><strong>advecti,</strong></span> <span class='ocrx_word' id='word_1_167' title='bbox 1016 2506 1104 2555; x_wconf 86' lang='lat' dir='ltr'><strong>nititur</strong></span> <span class='ocrx_word' id='word_1_168' title='bbox 1119 2498 1273 2567; x_wconf 69' lang='lat' dir='ltr'><strong>argumentis</strong></span> <span class='ocrx_word' id='word_1_169' title='bbox 1290 2517 1324 2554; x_wconf 82' lang='lat' dir='ltr'><strong>ex</strong></span> 
     </span>
     <span class='ocr_line' id='line_1_20' title="bbox 175 2583 1323 2651; baseline -0.004 -12"><span class='ocrx_word' id='word_1_170' title='bbox 175 2589 260 2646; x_wconf 83' lang='lat' dir='ltr'><strong>Galli,</strong></span> <span class='ocrx_word' id='word_1_171' title='bbox 284 2589 389 2638; x_wconf 89' lang='lat' dir='ltr'><strong>eandem</strong></span> <span class='ocrx_word' id='word_1_172' title='bbox 410 2587 614 2650; x_wconf 85' lang='lat' dir='ltr'><strong>superstitionum</strong></span> <span class='ocrx_word' id='word_1_173' title='bbox 629 2601 728 2651; x_wconf 82' lang='lat' dir='ltr'><strong>persua·</strong></span> <span class='ocrx_word' id='word_1_174' title='bbox 774 2589 937 2638; x_wconf 85' lang='lat' dir='ltr'><strong>similitudine</strong></span> <span class='ocrx_word' id='word_1_175' title='bbox 953 2601 1085 2650; x_wconf 87' lang='lat' dir='ltr'><strong>corporum</strong></span> <span class='ocrx_word' id='word_1_176' title='bbox 1100 2585 1245 2650; x_wconf 87' lang='lat' dir='ltr'><strong>desumptis.</strong></span> <span class='ocrx_word' id='word_1_177' title='bbox 1276 2583 1323 2634; x_wconf 82' lang='lat' dir='ltr'><strong>Ca·</strong></span> 
     </span>
     <span class='ocr_line' id='line_1_21' title="bbox 177 2666 1322 2732; baseline -0.001 -15"><span class='ocrx_word' id='word_1_178' title='bbox 177 2669 285 2720; x_wconf 86' lang='lat' dir='ltr'><strong>sionem.</strong></span> <span class='ocrx_word' id='word_1_179' title='bbox 319 2669 353 2718; x_wconf 91' lang='lat' dir='ltr'><strong>In</strong></span> <span class='ocrx_word' id='word_1_180' title='bbox 369 2669 555 2718; x_wconf 87' lang='lat' dir='ltr'><strong>commentariis</strong></span> <span class='ocrx_word' id='word_1_181' title='bbox 573 2667 727 2718; x_wconf 87' lang='lat' dir='ltr'><strong>Caesariada</strong></span> <span class='ocrx_word' id='word_1_182' title='bbox 772 2670 867 2720; x_wconf 86' lang='lat' dir='ltr'><strong>ladonii</strong></span> <span class='ocrx_word' id='word_1_183' title='bbox 893 2683 947 2720; x_wconf 89' lang='lat' dir='ltr'><strong>csse</strong></span> <span class='ocrx_word' id='word_1_184' title='bbox 972 2669 1090 2718; x_wconf 87' lang='lat' dir='ltr'><strong>videntm·</strong></span> <span class='ocrx_word' id='word_1_185' title='bbox 1106 2667 1203 2732; x_wconf 85' lang='lat' dir='ltr'><strong>origine</strong></span> <span class='ocrx_word' id='word_1_186' title='bbox 1220 2666 1322 2718; x_wconf 89' lang='lat' dir='ltr'><strong>Germa·</strong></span> 
     </span>
     <span class='ocr_line' id='line_1_22' title="bbox 176 2746 1322 2818; baseline -0.002 -20"><span class='ocrx_word' id='word_1_187' title='bbox 176 2750 210 2800; x_wconf 91' lang='lat' dir='ltr'><strong>B.</strong></span> <span class='ocrx_word' id='word_1_188' title='bbox 238 2749 269 2799; x_wconf 90' lang='lat' dir='ltr'><strong>G.</strong></span> <span class='ocrx_word' id='word_1_189' title='bbox 298 2750 348 2798; x_wconf 90' lang='lat' dir='ltr'><strong>VI.</strong></span> <span class='ocrx_word' id='word_1_190' title='bbox 376 2753 419 2818; x_wconf 78' lang='lat' dir='ltr'><strong>l5,</strong></span> <span class='ocrx_word' id='word_1_191' title='bbox 440 2750 602 2813; x_wconf 70' lang='lat' dir='ltr'><strong>relegimus</strong></span> <span class='ocrx_word' id='word_1_192' title='bbox 618 2749 727 2798; x_wconf 89' lang='lat' dir='ltr'><strong>Druidas</strong></span> <span class='ocrx_word' id='word_1_193' title='bbox 772 2753 842 2811; x_wconf 87' lang='lat' dir='ltr'><strong>nica,</strong></span> <span class='ocrx_word' id='word_1_194' title='bbox 861 2751 957 2800; x_wconf 87' lang='lat' dir='ltr'><strong>Siluras</strong></span> <span class='ocrx_word' id='word_1_195' title='bbox 973 2749 1055 2799; x_wconf 86' lang='lat' dir='ltr'><strong>Ibora.</strong></span> <span class='ocrx_word' id='word_1_196' title='bbox 1092 2748 1208 2798; x_wconf 79' lang='lat' dir='ltr'><strong>Proximi</strong></span> <span class='ocrx_word' id='word_1_197' title='bbox 1228 2746 1322 2806; x_wconf 86' lang='lat' dir='ltr'><strong>Gallis,</strong></span> 
     </span>
     <span class='ocr_line' id='line_1_23' title="bbox 175 2829 1323 2895; baseline -0.003 -15"><span class='ocrx_word' id='word_1_198' title='bbox 175 2832 245 2894; x_wconf 87' lang='lat' dir='ltr'><strong>apud</strong></span> <span class='ocrx_word' id='word_1_199' title='bbox 260 2830 347 2882; x_wconf 88' lang='lat' dir='ltr'><strong>Gallos</strong></span> <span class='ocrx_word' id='word_1_200' title='bbox 363 2831 438 2880; x_wconf 73' lang='lat' dir='ltr'><strong>rebius</strong></span> <span class='ocrx_word' id='word_1_201' title='bbox 452 2831 544 2880; x_wconf 81' lang='lat' dir='ltr'><strong>divinis</strong></span> <span class='ocrx_word' id='word_1_202' title='bbox 560 2845 727 2894; x_wconf 71' lang='lat' dir='ltr'><strong>praaessasa·</strong></span> <span class='ocrx_word' id='word_1_203' title='bbox 771 2831 812 2882; x_wconf 86' lang='lat' dir='ltr'><strong>his</strong></span> <span class='ocrx_word' id='word_1_204' title='bbox 827 2846 926 2895; x_wconf 86' lang='lat' dir='ltr'><strong>quoque</strong></span> <span class='ocrx_word' id='word_1_205' title='bbox 942 2831 1036 2880; x_wconf 89' lang='lat' dir='ltr'><strong>similes</strong></span> <span class='ocrx_word' id='word_1_206' title='bbox 1053 2836 1118 2880; x_wconf 84' lang='lat' dir='ltr'><strong>sant.</strong></span> <span class='ocrx_word' id='word_1_207' title='bbox 1155 2829 1227 2890; x_wconf 81' lang='lat' dir='ltr'><strong>Quae</strong></span> <span class='ocrx_word' id='word_1_208' title='bbox 1235 2841 1323 2877; x_wconf 87' lang='lat' dir='ltr'><strong>caussa</strong></span> 
     </span>
     <span class='ocr_line' id='line_1_24' title="bbox 176 2908 1322 2976; baseline -0.005 -14"><span class='ocrx_word' id='word_1_209' title='bbox 176 2912 270 2962; x_wconf 88' lang='lat' dir='ltr'><strong>crificia</strong></span> <span class='ocrx_word' id='word_1_210' title='bbox 293 2911 393 2974; x_wconf 88' lang='lat' dir='ltr'><strong>publica</strong></span> <span class='ocrx_word' id='word_1_211' title='bbox 417 2926 446 2959; x_wconf 92' lang='lat' dir='ltr'><strong>ac</strong></span> <span class='ocrx_word' id='word_1_212' title='bbox 468 2912 565 2974; x_wconf 87' lang='lat' dir='ltr'><strong>privata</strong></span> <span class='ocrx_word' id='word_1_213' title='bbox 580 2927 726 2976; x_wconf 88' lang='lat' dir='ltr'><strong>procurare,</strong></span> <span class='ocrx_word' id='word_1_214' title='bbox 772 2913 959 2971; x_wconf 83' lang='lat' dir='ltr'><strong>similitudinis,</strong></span> <span class='ocrx_word' id='word_1_215' title='bbox 985 2913 1038 2962; x_wconf 89' lang='lat' dir='ltr'><strong>sive</strong></span> <span class='ocrx_word' id='word_1_216' title='bbox 1064 2912 1096 2960; x_wconf 89' lang='lat' dir='ltr'><strong>sit</strong></span> <span class='ocrx_word' id='word_1_217' title='bbox 1112 2911 1151 2960; x_wconf 85' lang='lat' dir='ltr'><strong>vis</strong></span> <span class='ocrx_word' id='word_1_218' title='bbox 1168 2911 1260 2959; x_wconf 86' lang='lat' dir='ltr'><strong>durans</strong></span> <span class='ocrx_word' id='word_1_219' title='bbox 1275 2908 1322 2956; x_wconf 89' lang='lat' dir='ltr'><strong>ori·</strong></span> 
     </span>
     <span class='ocr_line' id='line_1_25' title="bbox 174 2989 1322 3057; baseline -0.003 -15"><span class='ocrx_word' id='word_1_220' title='bbox 174 2993 311 3056; x_wconf 84' lang='lat' dir='ltr'><strong>religiones</strong></span> <span class='ocrx_word' id='word_1_221' title='bbox 327 2991 498 3054; x_wconf 87' lang='lat' dir='ltr'><strong>interpretari,</strong></span> <span class='ocrx_word' id='word_1_222' title='bbox 514 2993 727 3056; x_wconf 82' lang='lat' dir='ltr'><strong>provictimisho·</strong></span> <span class='ocrx_word' id='word_1_223' title='bbox 772 2994 851 3057; x_wconf 86' lang='lat' dir='ltr'><strong>ginis,</strong></span> <span class='ocrx_word' id='word_1_224' title='bbox 878 2994 930 3042; x_wconf 82' lang='lat' dir='ltr'><strong>sive</strong></span> <span class='ocrx_word' id='word_1_225' title='bbox 947 3000 1069 3042; x_wconf 87' lang='lat' dir='ltr'><strong>terrarum</strong></span> <span class='ocrx_word' id='word_1_226' title='bbox 1085 2991 1201 3040; x_wconf 86' lang='lat' dir='ltr'><strong>vicinitas</strong></span> <span class='ocrx_word' id='word_1_227' title='bbox 1217 2995 1242 3038; x_wconf 90' lang='lat' dir='ltr'><strong>at</strong></span> <span class='ocrx_word' id='word_1_228' title='bbox 1258 2989 1322 3051; x_wconf 89' lang='lat' dir='ltr'><strong>posi·</strong></span> 
     </span>
     <span class='ocr_line' id='line_1_26' title="bbox 175 3069 1324 3130; baseline -0.006 -6"><span class='ocrx_word' id='word_1_229' title='bbox 175 3074 260 3124; x_wconf 87' lang='lat' dir='ltr'><strong>mines</strong></span> <span class='ocrx_word' id='word_1_230' title='bbox 275 3072 413 3130; x_wconf 86' lang='lat' dir='ltr'><strong>immolari,</strong></span> <span class='ocrx_word' id='word_1_231' title='bbox 431 3069 518 3121; x_wconf 88' lang='lat' dir='ltr'><strong>Gallos</strong></span> <span class='ocrx_word' id='word_1_232' title='bbox 534 3073 728 3124; x_wconf 88' lang='lat' dir='ltr'><strong>administrisad</strong></span> <span class='ocrx_word' id='word_1_233' title='bbox 772 3075 808 3122; x_wconf 90' lang='lat' dir='ltr'><strong>tio</strong></span> <span class='ocrx_word' id='word_1_234' title='bbox 833 3074 909 3130; x_wconf 88' lang='lat' dir='ltr'><strong>coeli,</strong></span> <span class='ocrx_word' id='word_1_235' title='bbox 934 3073 1017 3122; x_wconf 89' lang='lat' dir='ltr'><strong>dicere</strong></span> <span class='ocrx_word' id='word_1_236' title='bbox 1032 3072 1101 3120; x_wconf 86' lang='lat' dir='ltr'><strong>haud</strong></span> <span class='ocrx_word' id='word_1_237' title='bbox 1117 3069 1205 3118; x_wconf 90' lang='lat' dir='ltr'><strong>ausim.</strong></span> <span class='ocrx_word' id='word_1_238' title='bbox 1222 3069 1324 3118; x_wconf 89' lang='lat' dir='ltr'><strong>Interea</strong></span> 
     </span>
     <span class='ocr_line' id='line_1_27' title="bbox 177 3152 1323 3216; baseline -0.005 -10"><span class='ocrx_word' id='word_1_239' title='bbox 177 3168 210 3206; x_wconf 79' lang='lat' dir='ltr'><strong>aa</strong></span> <span class='ocrx_word' id='word_1_240' title='bbox 227 3153 346 3202; x_wconf 87' lang='lat' dir='ltr'><strong>sacrificia</strong></span> <span class='ocrx_word' id='word_1_241' title='bbox 359 3154 396 3202; x_wconf 90' lang='lat' dir='ltr'><strong>uti</strong></span> <span class='ocrx_word' id='word_1_242' title='bbox 413 3152 564 3212; x_wconf 88' lang='lat' dir='ltr'><strong>Druidibus,</strong></span> <span class='ocrx_word' id='word_1_243' title='bbox 581 3154 727 3204; x_wconf 83' lang='lat' dir='ltr'><strong>horumdis</strong></span> <span class='ocrx_word' id='word_1_244' title='bbox 773 3153 910 3204; x_wconf 87' lang='lat' dir='ltr'><strong>similitudo</strong></span> <span class='ocrx_word' id='word_1_245' title='bbox 926 3159 963 3202; x_wconf 91' lang='lat' dir='ltr'><strong>est</strong></span> <span class='ocrx_word' id='word_1_246' title='bbox 979 3166 1084 3216; x_wconf 78' lang='lat' dir='ltr'><strong>magna,</strong></span> <span class='ocrx_word' id='word_1_247' title='bbox 1102 3156 1135 3209; x_wconf 89' lang='lat' dir='ltr'><strong>et,</strong></span> <span class='ocrx_word' id='word_1_248' title='bbox 1149 3155 1323 3214; x_wconf 85' lang='lat' dir='ltr'><strong>praeterquam</strong></span> 
     </span>
     <span class='ocr_line' id='line_1_28' title="bbox 177 3232 1323 3300; baseline -0.002 -17"><span class='ocrx_word' id='word_1_249' title='bbox 177 3235 301 3298; x_wconf 89' lang='lat' dir='ltr'><strong>cipiinam</strong></span> <span class='ocrx_word' id='word_1_250' title='bbox 315 3233 342 3282; x_wconf 91' lang='lat' dir='ltr'><strong>in</strong></span> <span class='ocrx_word' id='word_1_251' title='bbox 358 3233 491 3283; x_wconf 89' lang='lat' dir='ltr'><strong>Britannia</strong></span> <span class='ocrx_word' id='word_1_252' title='bbox 507 3241 644 3298; x_wconf 87' lang='lat' dir='ltr'><strong>repertam,</strong></span> <span class='ocrx_word' id='word_1_253' title='bbox 654 3241 728 3300; x_wconf 82' lang='lat' dir='ltr'><strong>atqua</strong></span> <span class='ocrx_word' id='word_1_254' title='bbox 773 3237 801 3286; x_wconf 90' lang='lat' dir='ltr'><strong>in</strong></span> <span class='ocrx_word' id='word_1_255' title='bbox 825 3236 912 3286; x_wconf 88' lang='lat' dir='ltr'><strong>habitu</strong></span> <span class='ocrx_word' id='word_1_256' title='bbox 937 3249 1081 3300; x_wconf 82' lang='lat' dir='ltr'><strong>corporum,</strong></span> <span class='ocrx_word' id='word_1_257' title='bbox 1099 3232 1208 3282; x_wconf 86' lang='lat' dir='ltr'><strong>cernitur</strong></span> <span class='ocrx_word' id='word_1_258' title='bbox 1224 3245 1323 3296; x_wconf 87' lang='lat' dir='ltr'><strong>quoque</strong></span> 
     </span>
     <span class='ocr_line' id='line_1_29' title="bbox 176 3311 1322 3381; baseline -0.002 -17"><span class='ocrx_word' id='word_1_259' title='bbox 176 3315 239 3366; x_wconf 89' lang='lat' dir='ltr'><strong>inde</strong></span> <span class='ocrx_word' id='word_1_260' title='bbox 261 3315 287 3364; x_wconf 90' lang='lat' dir='ltr'><strong>in</strong></span> <span class='ocrx_word' id='word_1_261' title='bbox 306 3313 413 3364; x_wconf 73' lang='lat' dir='ltr'><strong>Gidliam</strong></span> <span class='ocrx_word' id='word_1_262' title='bbox 427 3315 566 3364; x_wconf 87' lang='lat' dir='ltr'><strong>existimari</strong></span> <span class='ocrx_word' id='word_1_263' title='bbox 574 3316 727 3366; x_wconf 78' lang='lat' dir='ltr'><strong>uanslatasn.</strong></span> <span class='ocrx_word' id='word_1_264' title='bbox 774 3319 801 3368; x_wconf 91' lang='lat' dir='ltr'><strong>in</strong></span> <span class='ocrx_word' id='word_1_265' title='bbox 826 3317 961 3381; x_wconf 86' lang='lat' dir='ltr'><strong>religione,</strong></span> <span class='ocrx_word' id='word_1_266' title='bbox 986 3317 1086 3380; x_wconf 81' lang='lat' dir='ltr'><strong>lingua,</strong></span> <span class='ocrx_word' id='word_1_267' title='bbox 1105 3313 1221 3372; x_wconf 86' lang='lat' dir='ltr'><strong>audacia,</strong></span> <span class='ocrx_word' id='word_1_268' title='bbox 1239 3311 1322 3362; x_wconf 85' lang='lat' dir='ltr'><strong>sormi·</strong></span> 
     </span>
     <span class='ocr_line' id='line_1_30' title="bbox 176 3394 841 3460; baseline 0.002 -14"><span class='ocrx_word' id='word_1_269' title='bbox 176 3396 207 3446; x_wconf 84' lang='lat' dir='ltr'><strong>Si</strong></span> <span class='ocrx_word' id='word_1_270' title='bbox 225 3396 302 3460; x_wconf 71' lang='lat' dir='ltr'><strong>igituir</strong></span> <span class='ocrx_word' id='word_1_271' title='bbox 320 3394 412 3446; x_wconf 84' lang='lat' dir='ltr'><strong>Caesar</strong></span> <span class='ocrx_word' id='word_1_272' title='bbox 427 3396 605 3458; x_wconf 82' lang='lat' dir='ltr'><strong>quaesivisset,</strong></span> <span class='ocrx_word' id='word_1_273' title='bbox 623 3398 674 3447; x_wconf 88' lang='lat' dir='ltr'><strong>utri</strong></span> <span class='ocrx_word' id='word_1_274' title='bbox 691 3400 728 3448; x_wconf 89' lang='lat' dir='ltr'><strong>in·</strong></span> <span class='ocrx_word' id='word_1_275' title='bbox 774 3400 841 3450; x_wconf 88' lang='lat' dir='ltr'><strong>dine.</strong></span> 
     </span>
    </p>

    <p class='ocr_par' dir='ltr' id='par_1_6' title="bbox 174 3471 1324 3949">
     <span class='ocr_line' id='line_1_31' title="bbox 175 3471 1322 3541; baseline -0.005 -13"><span class='ocrx_word' id='word_1_276' title='bbox 175 3479 294 3541; x_wconf 78' lang='lat' dir='ltr'><strong>diganae,</strong></span> <span class='ocrx_word' id='word_1_277' title='bbox 310 3477 362 3526; x_wconf 91' lang='lat' dir='ltr'><strong>utri</strong></span> <span class='ocrx_word' id='word_1_278' title='bbox 377 3477 730 3541; x_wconf 83' lang='lat' dir='ltr'><strong>advecti,plsnecontrarium</strong></span> <span class='ocrx_word' id='word_1_279' title='bbox 809 3478 841 3528; x_wconf 89' lang='lat' dir='ltr'><strong>In</strong></span> <span class='ocrx_word' id='word_1_280' title='bbox 857 3475 1024 3528; x_wconf 79' lang='lat' dir='ltr'><strong>detrectandis</strong></span> <span class='ocrx_word' id='word_1_281' title='bbox 1041 3475 1124 3524; x_wconf 83' lang='lat' dir='ltr'><strong>eadem</strong></span> <span class='ocrx_word' id='word_1_282' title='bbox 1135 3471 1257 3538; x_wconf 83' lang='lat' dir='ltr'><strong>formido.</strong></span> <span class='ocrx_word' id='word_1_283' title='bbox 1289 3474 1322 3523; x_wconf 89' lang='lat' dir='ltr'><strong>Iu</strong></span> 
     </span>
     <span class='ocr_line' id='line_1_32' title="bbox 177 3554 1322 3622; baseline -0.005 -12"><span class='ocrx_word' id='word_1_284' title='bbox 177 3559 268 3610; x_wconf 89' lang='lat' dir='ltr'><strong>Tacito</strong></span> <span class='ocrx_word' id='word_1_285' title='bbox 299 3564 476 3622; x_wconf 85' lang='lat' dir='ltr'><strong>argumentum</strong></span> <span class='ocrx_word' id='word_1_286' title='bbox 506 3558 636 3608; x_wconf 86' lang='lat' dir='ltr'><strong>attulisset.</strong></span> <span class='ocrx_word' id='word_1_287' title='bbox 670 3559 729 3608; x_wconf 87' lang='lat' dir='ltr'><strong>Non</strong></span> <span class='ocrx_word' id='word_1_288' title='bbox 776 3558 976 3610; x_wconf 84' lang='lat' dir='ltr'><strong>Vaticanera</strong></span> <span class='ocrx_word' id='word_1_289' title='bbox 987 3555 1110 3622; x_wconf 85' lang='lat' dir='ltr'><strong>formido.</strong></span> <span class='ocrx_word' id='word_1_290' title='bbox 1128 3554 1322 3618; x_wconf 86' lang='lat' dir='ltr'><strong>Magisccnsna·</strong></span> 
     </span>
     <span class='ocr_line' id='line_1_33' title="bbox 174 3634 1322 3703; baseline -0.003 -13"><span class='ocrx_word' id='word_1_291' title='bbox 174 3639 313 3703; x_wconf 85' lang='lat' dir='ltr'><strong>quaesivit,</strong></span> <span class='ocrx_word' id='word_1_292' title='bbox 339 3640 384 3688; x_wconf 88' lang='lat' dir='ltr'><strong>sed</strong></span> <span class='ocrx_word' id='word_1_293' title='bbox 401 3639 559 3702; x_wconf 89' lang='lat' dir='ltr'><strong>simpliciter,</strong></span> <span class='ocrx_word' id='word_1_294' title='bbox 576 3639 648 3702; x_wconf 87' lang='lat' dir='ltr'><strong>quasi</strong></span> <span class='ocrx_word' id='word_1_295' title='bbox 663 3653 729 3688; x_wconf 91' lang='lat' dir='ltr'><strong>com·</strong></span> <span class='ocrx_word' id='word_1_296' title='bbox 774 3641 888 3692; x_wconf 87' lang='lat' dir='ltr'><strong>tudinem</strong></span> <span class='ocrx_word' id='word_1_297' title='bbox 912 3640 994 3690; x_wconf 89' lang='lat' dir='ltr'><strong>Taciti</strong></span> <span class='ocrx_word' id='word_1_298' title='bbox 1018 3637 1134 3688; x_wconf 82' lang='lat' dir='ltr'><strong>referret:</strong></span> <span class='ocrx_word' id='word_1_299' title='bbox 1159 3635 1201 3684; x_wconf 89' lang='lat' dir='ltr'><strong>vel</strong></span> <span class='ocrx_word' id='word_1_300' title='bbox 1221 3635 1263 3684; x_wconf 84' lang='lat' dir='ltr'><strong>ubi</strong></span> <span class='ocrx_word' id='word_1_301' title='bbox 1279 3634 1322 3686; x_wconf 90' lang='lat' dir='ltr'><strong>ad·</strong></span> 
     </span>
     <span class='ocr_line' id='line_1_34' title="bbox 174 3717 1323 3785; baseline -0.003 -15"><span class='ocrx_word' id='word_1_302' title='bbox 174 3726 288 3785; x_wconf 74' lang='lat' dir='ltr'><strong>patum,</strong></span> <span class='ocrx_word' id='word_1_303' title='bbox 314 3721 420 3769; x_wconf 88' lang='lat' dir='ltr'><strong>affirmat</strong></span> <span class='ocrx_word' id='word_1_304' title='bbox 442 3721 475 3768; x_wconf 90' lang='lat' dir='ltr'><strong>B.</strong></span> <span class='ocrx_word' id='word_1_305' title='bbox 493 3717 525 3770; x_wconf 89' lang='lat' dir='ltr'><strong>G.</strong></span> <span class='ocrx_word' id='word_1_306' title='bbox 544 3719 593 3768; x_wconf 88' lang='lat' dir='ltr'><strong>VI.</strong></span> <span class='ocrx_word' id='word_1_307' title='bbox 613 3723 652 3767; x_wconf 78' lang='lat'><strong>12.</strong></span> <span class='ocrx_word' id='word_1_308' title='bbox 669 3717 730 3768; x_wconf 87' lang='lat' dir='ltr'><strong>Bri·</strong></span> <span class='ocrx_word' id='word_1_309' title='bbox 774 3737 871 3782; x_wconf 85' lang='lat' dir='ltr'><strong>veuere,</strong></span> <span class='ocrx_word' id='word_1_310' title='bbox 887 3721 914 3771; x_wconf 87' lang='lat' dir='ltr'><strong>in</strong></span> <span class='ocrx_word' id='word_1_311' title='bbox 930 3718 1097 3772; x_wconf 79' lang='lat' dir='ltr'><strong>detrectandis</strong></span> <span class='ocrx_word' id='word_1_312' title='bbox 1113 3717 1323 3781; x_wconf 79' lang='lat' dir='ltr'><strong>eadansormido,</strong></span> 
     </span>
     <span class='ocr_line' id='line_1_35' title="bbox 175 3797 1324 3865; baseline -0.004 -15"><span class='ocrx_word' id='word_1_313' title='bbox 175 3801 280 3850; x_wconf 64' lang='lat' dir='ltr'><strong>tannae</strong></span> <span class='ocrx_word' id='word_1_314' title='bbox 298 3816 365 3865; x_wconf 82' lang='lat' dir='ltr'><strong>para</strong></span> <span class='ocrx_word' id='word_1_315' title='bbox 381 3800 486 3850; x_wconf 85' lang='lat' dir='ltr'><strong>interior</strong></span> <span class='ocrx_word' id='word_1_316' title='bbox 503 3800 534 3850; x_wconf 79' lang='lat' dir='ltr'><strong>ab</strong></span> <span class='ocrx_word' id='word_1_317' title='bbox 551 3799 584 3850; x_wconf 83' lang='lat' dir='ltr'><strong>iis</strong></span> <span class='ocrx_word' id='word_1_318' title='bbox 601 3799 729 3860; x_wconf 83' lang='lat' dir='ltr'><strong>incolitur,</strong></span> <span class='ocrx_word' id='word_1_319' title='bbox 774 3804 817 3852; x_wconf 89' lang='lat' dir='ltr'><strong>vel</strong></span> <span class='ocrx_word' id='word_1_320' title='bbox 842 3813 878 3864; x_wconf 87' lang='lat' dir='ltr'><strong>et,</strong></span> <span class='ocrx_word' id='word_1_321' title='bbox 904 3803 945 3854; x_wconf 83' lang='lat' dir='ltr'><strong>ubi</strong></span> <span class='ocrx_word' id='word_1_322' title='bbox 966 3801 1097 3860; x_wconf 79' lang='lat' dir='ltr'><strong>ademere,</strong></span> <span class='ocrx_word' id='word_1_323' title='bbox 1114 3800 1140 3850; x_wconf 86' lang='lat' dir='ltr'><strong>iu</strong></span> <span class='ocrx_word' id='word_1_324' title='bbox 1157 3797 1324 3848; x_wconf 83' lang='lat' dir='ltr'><strong>detrectandis</strong></span> 
     </span>
     <span class='ocr_line' id='line_1_36' title="bbox 174 3879 892 3949; baseline 0.006 -19"><span class='ocrx_word' id='word_1_325' title='bbox 174 3897 237 3944; x_wconf 79' lang='lat' dir='ltr'><strong>quos</strong></span> <span class='ocrx_word' id='word_1_326' title='bbox 263 3889 335 3930; x_wconf 83' lang='lat' dir='ltr'><strong>notas</strong></span> <span class='ocrx_word' id='word_1_327' title='bbox 358 3879 495 3940; x_wconf 85' lang='lat' dir='ltr'><strong>ininsula,</strong></span> <span class='ocrx_word' id='word_1_328' title='bbox 513 3880 729 3946; x_wconf 84' lang='lat' dir='ltr'><strong>memoriaprodi-</strong></span> <span class='ocrx_word' id='word_1_329' title='bbox 769 3884 892 3949; x_wconf 86' lang='lat' dir='ltr'><strong>formido.</strong></span> 
     </span>
    </p>

    <p class='ocr_par' dir='ltr' id='par_1_7' title="bbox 170 3957 1324 4528">
     <span class='ocr_line' id='line_1_37' title="bbox 175 3957 1323 4028; baseline -0.002 -16"><span class='ocrx_word' id='word_1_330' title='bbox 175 3972 227 4012; x_wconf 85' lang='lat' dir='ltr'><strong>turo</strong></span> <span class='ocrx_word' id='word_1_331' title='bbox 243 3970 289 4010; x_wconf 88' lang='lat' dir='ltr'><strong>est.</strong></span> <span class='ocrx_word' id='word_1_332' title='bbox 325 3959 460 4010; x_wconf 72' lang='lat' dir='ltr'><strong>clariana</strong></span> <span class='ocrx_word' id='word_1_333' title='bbox 481 3960 659 4025; x_wconf 64' lang='lat' dir='ltr'><strong>laurentiis,</strong></span> <span class='ocrx_word' id='word_1_334' title='bbox 677 3963 729 4026; x_wconf 84' lang='lat' dir='ltr'><strong>qui,</strong></span> <span class='ocrx_word' id='word_1_335' title='bbox 811 3965 903 4022; x_wconf 73' lang='lat' dir='ltr'><strong>Quales</strong></span> <span class='ocrx_word' id='word_1_336' title='bbox 929 3962 998 4015; x_wconf 87' lang='lat' dir='ltr'><strong>Galli</strong></span> <span class='ocrx_word' id='word_1_337' title='bbox 1009 3965 1126 4028; x_wconf 87' lang='lat' dir='ltr'><strong>suerunt.</strong></span> <span class='ocrx_word' id='word_1_338' title='bbox 1164 3959 1234 4008; x_wconf 78' lang='lat' dir='ltr'><strong>Ante</strong></span> <span class='ocrx_word' id='word_1_339' title='bbox 1251 3957 1323 4006; x_wconf 74' lang='lat' dir='ltr'><strong>umis·</strong></span> 
     </span>
     <span class='ocr_line' id='line_1_38' title="bbox 170 4039 1322 4109; baseline -0.003 -18"><span class='ocrx_word' id='word_1_340' title='bbox 170 4041 287 4109; x_wconf 82' lang='lat' dir='ltr'><strong>praedae</strong></span> <span class='ocrx_word' id='word_1_341' title='bbox 309 4058 340 4092; x_wconf 89' lang='lat' dir='ltr'><strong>ac</strong></span> <span class='ocrx_word' id='word_1_342' title='bbox 357 4041 415 4092; x_wconf 86' lang='lat' dir='ltr'><strong>belii</strong></span> <span class='ocrx_word' id='word_1_343' title='bbox 432 4042 559 4108; x_wconf 80' lang='lat' dir='ltr'><strong>inferendi</strong></span> <span class='ocrx_word' id='word_1_344' title='bbox 575 4059 681 4103; x_wconf 85' lang='lat' dir='ltr'><strong>caussa,</strong></span> <span class='ocrx_word' id='word_1_345' title='bbox 699 4060 730 4093; x_wconf 79' lang='lat' dir='ltr'><strong>eu</strong></span> <span class='ocrx_word' id='word_1_346' title='bbox 775 4062 829 4096; x_wconf 88' lang='lat' dir='ltr'><strong>sam</strong></span> <span class='ocrx_word' id='word_1_347' title='bbox 862 4048 979 4096; x_wconf 85' lang='lat' dir='ltr'><strong>virtutem</strong></span> <span class='ocrx_word' id='word_1_348' title='bbox 1003 4045 1095 4108; x_wconf 86' lang='lat' dir='ltr'><strong>pariter</strong></span> <span class='ocrx_word' id='word_1_349' title='bbox 1120 4054 1148 4090; x_wconf 86' lang='lat' dir='ltr'><strong>ac</strong></span> <span class='ocrx_word' id='word_1_350' title='bbox 1173 4039 1322 4088; x_wconf 86' lang='lat' dir='ltr'><strong>libertatem.</strong></span> 
     </span>
     <span class='ocr_line' id='line_1_39' title="bbox 173 4121 1324 4191; baseline 0.004 -18"><span class='ocrx_word' id='word_1_351' title='bbox 173 4122 267 4188; x_wconf 78' lang='lat' dir='ltr'><strong>Belpis</strong></span> <span class='ocrx_word' id='word_1_352' title='bbox 292 4121 453 4172; x_wconf 63' lang='lat' dir='ltr'><strong>sancierunt.</strong></span> <span class='ocrx_word' id='word_1_353' title='bbox 480 4125 600 4176; x_wconf 89' lang='lat' dir='ltr'><strong>Potuitne</strong></span> <span class='ocrx_word' id='word_1_354' title='bbox 627 4126 729 4176; x_wconf 84' lang='lat' dir='ltr'><strong>Tacitus</strong></span> <span class='ocrx_word' id='word_1_355' title='bbox 775 4129 901 4177; x_wconf 83' lang='lat' dir='ltr'><strong>Kritaius:</strong></span> <span class='ocrx_word' id='word_1_356' title='bbox 921 4127 1026 4191; x_wconf 71' lang='lat' dir='ltr'><strong>aquales</strong></span> <span class='ocrx_word' id='word_1_357' title='bbox 1042 4131 1097 4174; x_wconf 90' lang='lat' dir='ltr'><strong>tum</strong></span> <span class='ocrx_word' id='word_1_358' title='bbox 1113 4122 1228 4177; x_wconf 71' lang='lat' dir='ltr'><strong>fuerunt,</strong></span> <span class='ocrx_word' id='word_1_359' title='bbox 1244 4133 1324 4182; x_wconf 87' lang='lat' dir='ltr'><strong>quum</strong></span> 
     </span>
     <span class='ocr_line' id='line_1_40' title="bbox 174 4200 1322 4280; baseline -0.004 -25"><span class='ocrx_word' id='word_1_360' title='bbox 174 4207 224 4256; x_wconf 87' lang='lat' dir='ltr'><strong>ista</strong></span> <span class='ocrx_word' id='word_1_361' title='bbox 240 4219 274 4254; x_wconf 83' lang='lat' dir='ltr'><strong>ex</strong></span> <span class='ocrx_word' id='word_1_362' title='bbox 291 4205 477 4254; x_wconf 85' lang='lat' dir='ltr'><strong>commentariis</strong></span> <span class='ocrx_word' id='word_1_363' title='bbox 494 4205 530 4254; x_wconf 92' lang='lat' dir='ltr'><strong>sic</strong></span> <span class='ocrx_word' id='word_1_364' title='bbox 546 4206 646 4256; x_wconf 87' lang='lat' dir='ltr'><strong>silentio</strong></span> <span class='ocrx_word' id='word_1_365' title='bbox 659 4221 729 4272; x_wconf 89' lang='lat' dir='ltr'><strong>prae-</strong></span> <span class='ocrx_word' id='word_1_366' title='bbox 774 4215 885 4259; x_wconf 87' lang='lat' dir='ltr'><strong>recantes</strong></span> <span class='ocrx_word' id='word_1_367' title='bbox 906 4222 940 4258; x_wconf 81' lang='lat' dir='ltr'><strong>ex</strong></span> <span class='ocrx_word' id='word_1_368' title='bbox 962 4206 1045 4258; x_wconf 81' lang='lat' dir='ltr'><strong>Gallia</strong></span> <span class='ocrx_word' id='word_1_369' title='bbox 1061 4207 1088 4254; x_wconf 93' lang='lat' dir='ltr'><strong>in</strong></span> <span class='ocrx_word' id='word_1_370' title='bbox 1106 4200 1266 4280; x_wconf 78' lang='lat' dir='ltr'><strong>Britanpiam</strong></span> <span class='ocrx_word' id='word_1_371' title='bbox 1281 4215 1322 4250; x_wconf 91' lang='lat' dir='ltr'><strong>ve·</strong></span> 
     </span>
     <span class='ocr_line' id='line_1_41' title="bbox 173 4281 1323 4351; baseline -0.002 -17"><span class='ocrx_word' id='word_1_372' title='bbox 173 4285 263 4344; x_wconf 87' lang='lat' dir='ltr'><strong>terire,</strong></span> <span class='ocrx_word' id='word_1_373' title='bbox 289 4299 322 4334; x_wconf 88' lang='lat' dir='ltr'><strong>an</strong></span> <span class='ocrx_word' id='word_1_374' title='bbox 347 4300 400 4334; x_wconf 89' lang='lat' dir='ltr'><strong>non</strong></span> <span class='ocrx_word' id='word_1_375' title='bbox 426 4285 510 4334; x_wconf 79' lang='lat' dir='ltr'><strong>vidit?</strong></span> <span class='ocrx_word' id='word_1_376' title='bbox 537 4287 571 4336; x_wconf 86' lang='lat' dir='ltr'><strong>Bt</strong></span> <span class='ocrx_word' id='word_1_377' title='bbox 586 4288 648 4351; x_wconf 86' lang='lat' dir='ltr'><strong>quid</strong></span> <span class='ocrx_word' id='word_1_378' title='bbox 663 4289 730 4340; x_wconf 84' lang='lat' dir='ltr'><strong>valet</strong></span> <span class='ocrx_word' id='word_1_379' title='bbox 775 4297 874 4338; x_wconf 90' lang='lat' dir='ltr'><strong>nerunt.</strong></span> <span class='ocrx_word' id='word_1_380' title='bbox 900 4290 969 4339; x_wconf 87' lang='lat' dir='ltr'><strong>Nam</strong></span> <span class='ocrx_word' id='word_1_381' title='bbox 992 4289 1113 4338; x_wconf 85' lang='lat' dir='ltr'><strong>universa</strong></span> <span class='ocrx_word' id='word_1_382' title='bbox 1136 4281 1270 4346; x_wconf 86' lang='lat' dir='ltr'><strong>disputatio</strong></span> <span class='ocrx_word' id='word_1_383' title='bbox 1293 4295 1323 4332; x_wconf 90' lang='lat' dir='ltr'><strong>eo</strong></span> 
     </span>
     <span class='ocr_line' id='line_1_42' title="bbox 175 4364 1324 4433; baseline -0.003 -17"><span class='ocrx_word' id='word_1_384' title='bbox 175 4375 257 4416; x_wconf 89' lang='lat' dir='ltr'><strong>tutum</strong></span> <span class='ocrx_word' id='word_1_385' title='bbox 277 4367 473 4429; x_wconf 75' lang='lat' dir='ltr'><strong>argumentum?</strong></span> <span class='ocrx_word' id='word_1_386' title='bbox 493 4366 570 4420; x_wconf 84' lang='lat' dir='ltr'><strong>Sacra</strong></span> <span class='ocrx_word' id='word_1_387' title='bbox 586 4366 728 4428; x_wconf 82' lang='lat' dir='ltr'><strong>Gallorum,</strong></span> <span class='ocrx_word' id='word_1_388' title='bbox 776 4377 880 4433; x_wconf 85' lang='lat' dir='ltr'><strong>spectat,</strong></span> <span class='ocrx_word' id='word_1_389' title='bbox 902 4378 930 4419; x_wconf 89' lang='lat' dir='ltr'><strong>ut</strong></span> <span class='ocrx_word' id='word_1_390' title='bbox 947 4377 972 4420; x_wconf 89' lang='lat' dir='ltr'><strong>ct</strong></span> <span class='ocrx_word' id='word_1_391' title='bbox 988 4365 1158 4418; x_wconf 82' lang='lat' dir='ltr'><strong>meridionalis</strong></span> <span class='ocrx_word' id='word_1_392' title='bbox 1176 4364 1324 4414; x_wconf 86' lang='lat' dir='ltr'><strong>Britanniae</strong></span> 
     </span>
     <span class='ocr_line' id='line_1_43' title="bbox 174 4444 1324 4528; baseline -0.002 -28"><span class='ocrx_word' id='word_1_393' title='bbox 174 4463 273 4510; x_wconf 88' lang='lat' dir='ltr'><strong>sermo,</strong></span> <span class='ocrx_word' id='word_1_394' title='bbox 301 4449 417 4511; x_wconf 87' lang='lat' dir='ltr'><strong>audacia,</strong></span> <span class='ocrx_word' id='word_1_395' title='bbox 444 4449 565 4514; x_wconf 84' lang='lat' dir='ltr'><strong>fenaldo,</strong></span> <span class='ocrx_word' id='word_1_396' title='bbox 588 4457 646 4506; x_wconf 87' lang='lat' dir='ltr'><strong>sunt</strong></span> <span class='ocrx_word' id='word_1_397' title='bbox 663 4451 728 4504; x_wconf 85' lang='lat' dir='ltr'><strong>simi·</strong></span> <span class='ocrx_word' id='word_1_398' title='bbox 750 4451 868 4528; x_wconf 62' lang='lat' dir='ltr'><strong>,inula</strong></span> <span class='ocrx_word' id='word_1_399' title='bbox 886 4449 971 4505; x_wconf 84' lang='lat' dir='ltr'><strong>Gallos</strong></span> <span class='ocrx_word' id='word_1_400' title='bbox 988 4444 1223 4506; x_wconf 60' lang='lat' dir='ltr'><strong>suessonense</strong></span> <span class='ocrx_word' id='word_1_401' title='bbox 1248 4447 1324 4510; x_wconf 76' lang='lat' dir='ltr'><strong>lnge-</strong></span> 
     </span>
    </p>
   </div>
   <div class='ocr_carea' id='block_1_6' title="bbox 0 0 1572 5310">
    <p class='ocr_par' dir='ltr' id='par_1_8' title="bbox 0 0 1572 5310">
     <span class='ocr_line' id='line_1_44' title="bbox 0 0 1572 5310; baseline 0 0"><span class='ocrx_word' id='word_1_402' title='bbox 0 0 1572 5310; x_wconf 95' lang='lat' dir='ltr'><strong> </strong></span> 
     </span>
    </p>
   </div>
  </div>
 </body>
</html>
