<?xml version="1.0" encoding="UTF-8"?>
<!DOCTYPE html PUBLIC "-//W3C//DTD XHTML 1.0 Transitional//EN"
    "http://www.w3.org/TR/xhtml1/DTD/xhtml1-transitional.dtd">
<html xmlns="http://www.w3.org/1999/xhtml" xml:lang="en" lang="en">
 <head>
  <title>
</title>
<meta http-equiv="Content-Type" content="text/html;charset=utf-8" />
  <meta name='ocr-system' content='tesseract 3.04.00' />
  <meta name='ocr-capabilities' content='ocr_page ocr_carea ocr_par ocr_line ocrx_word'/>
</head>
<body>
  <div class='ocr_page' id='page_1' title='image "./ccorneliitaciti09tacigoog/ccorneliitaciti09tacigoog_0030.png"; bbox 0 0 3134 5310; ppageno 0'>
   <div class='ocr_carea' id='block_1_1' title="bbox 661 515 1309 576">
    <p class='ocr_par' dir='ltr' id='par_1_1' title="bbox 661 515 1309 576">
     <span class='ocr_line' id='line_1_1' title="bbox 661 515 1309 576; baseline -0.003 0"><span class='ocrx_word' id='word_1_1' title='bbox 661 529 834 576; x_wconf 79' lang='lat' dir='ltr'><strong>ncnrcotr.</strong></span> <span class='ocrx_word' id='word_1_2' title='bbox 1271 515 1309 576; x_wconf 80' lang='grc'><strong>17</strong></span> 
     </span>
    </p>
   </div>
   <div class='ocr_carea' id='block_1_2' title="bbox 160 695 1310 1002">
    <p class='ocr_par' dir='ltr' id='par_1_2' title="bbox 160 695 1310 1002">
     <span class='ocr_line' id='line_1_2' title="bbox 160 695 1309 789; baseline -0.005 -21"><span class='ocrx_word' id='word_1_3' title='bbox 160 700 268 768; x_wconf 81' lang='lat' dir='ltr'><strong>decim</strong></span> <span class='ocrx_word' id='word_1_4' title='bbox 300 723 422 777; x_wconf 83' lang='lat' dir='ltr'><strong>annos,</strong></span> <span class='ocrx_word' id='word_1_5' title='bbox 456 698 573 789; x_wconf 76' lang='lat' dir='ltr'><strong>grande</strong></span> <span class='ocrx_word' id='word_1_6' title='bbox 602 699 743 764; x_wconf 83' lang='lat' dir='ltr'><strong>mortalis</strong></span> <span class='ocrx_word' id='word_1_7' title='bbox 773 697 842 762; x_wconf 83' lang='lat' dir='ltr'><strong>oevi</strong></span> <span class='ocrx_word' id='word_1_8' title='bbox 872 695 1027 783; x_wconf 81' lang='lat' dir='ltr'><strong>spetiem,</strong></span> <span class='ocrx_word' id='word_1_9' title='bbox 1055 695 1149 762; x_wconf 86' lang='lat' dir='ltr'><strong>multi</strong></span> <span class='ocrx_word' id='word_1_10' title='bbox 1172 697 1309 764; x_wconf 75' lang='lat' dir='ltr'><strong>fortuitis</strong></span> 
     </span>
     <span class='ocr_line' id='line_1_3' title="bbox 161 801 1310 895; baseline -0.004 -22"><span class='ocrx_word' id='word_1_11' title='bbox 161 808 306 884; x_wconf 78' lang='lat' dir='ltr'><strong>casibus,</strong></span> <span class='ocrx_word' id='word_1_12' title='bbox 345 807 595 895; x_wconf 88' lang='lat' dir='ltr'><strong>promptissimus</strong></span> <span class='ocrx_word' id='word_1_13' title='bbox 632 805 765 893; x_wconf 87' lang='lat' dir='ltr'><strong>quisque</strong></span> <span class='ocrx_word' id='word_1_14' title='bbox 796 801 924 868; x_wconf 78' lang='lat' dir='ltr'><strong>saevitia</strong></span> <span class='ocrx_word' id='word_1_15' title='bbox 958 801 1109 890; x_wconf 86' lang='lat' dir='ltr'><strong>principis</strong></span> <span class='ocrx_word' id='word_1_16' title='bbox 1144 802 1310 868; x_wconf 87' lang='lat' dir='ltr'><strong>intercide·</strong></span> 
     </span>
     <span class='ocr_line' id='line_1_4' title="bbox 160 905 1309 1002; baseline -0.002 -26"><span class='ocrx_word' id='word_1_17' title='bbox 160 925 258 990; x_wconf 88' lang='lat' dir='ltr'><strong>runt,</strong></span> <span class='ocrx_word' id='word_1_18' title='bbox 283 912 398 1002; x_wconf 80' lang='lat' dir='ltr'><strong>pauci,</strong></span> <span class='ocrx_word' id='word_1_19' title='bbox 424 923 474 990; x_wconf 92' lang='lat' dir='ltr'><strong>et,</strong></span> <span class='ocrx_word' id='word_1_20' title='bbox 501 912 549 976; x_wconf 91' lang='lat' dir='ltr'><strong>uti</strong></span> <span class='ocrx_word' id='word_1_21' title='bbox 573 911 725 988; x_wconf 83' lang='lat' dir='ltr'>dixerim,</span> <span class='ocrx_word' id='word_1_22' title='bbox 751 930 814 972; x_wconf 90' lang='lat' dir='ltr'><strong>non</strong></span> <span class='ocrx_word' id='word_1_23' title='bbox 840 905 933 970; x_wconf 93' lang='lat' dir='ltr'><strong>modo</strong></span> <span class='ocrx_word' id='word_1_24' title='bbox 955 907 1106 984; x_wconf 86' lang='lat' dir='ltr'><strong>aliorum,</strong></span> <span class='ocrx_word' id='word_1_25' title='bbox 1130 907 1185 972; x_wconf 89' lang='lat' dir='ltr'><strong>sed</strong></span> <span class='ocrx_word' id='word_1_26' title='bbox 1214 909 1309 974; x_wconf 84' lang='lat' dir='ltr'><strong>etiem</strong></span> 
     </span>
    </p>
   </div>
   <div class='ocr_carea' id='block_1_3' title="bbox 157 1121 1316 3056">
    <p class='ocr_par' dir='ltr' id='par_1_3' title="bbox 157 1121 1314 2977">
     <span class='ocr_line' id='line_1_5' title="bbox 202 1121 1313 1192; baseline -0.004 -14"><span class='ocrx_word' id='word_1_27' title='bbox 202 1127 303 1178; x_wconf 81' lang='lat' dir='ltr'><strong><em>Grande</em></strong></span> <span class='ocrx_word' id='word_1_28' title='bbox 319 1127 432 1178; x_wconf 84' lang='lat' dir='ltr'><strong>mortalis</strong></span> <span class='ocrx_word' id='word_1_29' title='bbox 450 1127 506 1175; x_wconf 82' lang='lat' dir='ltr'><strong>aeni</strong></span> <span class='ocrx_word' id='word_1_30' title='bbox 523 1127 639 1192; x_wconf 83' lang='lat' dir='ltr'><strong>spatium.</strong></span> <span class='ocrx_word' id='word_1_31' title='bbox 657 1125 714 1176; x_wconf 88' lang='lat' dir='ltr'><strong>Usi·</strong></span> <span class='ocrx_word' id='word_1_32' title='bbox 761 1125 845 1173; x_wconf 87' lang='lat' dir='ltr'><strong>tonius</strong></span> <span class='ocrx_word' id='word_1_33' title='bbox 862 1123 959 1172; x_wconf 82' lang='lat' dir='ltr'><strong>Rustici</strong></span> <span class='ocrx_word' id='word_1_34' title='bbox 976 1129 1001 1172; x_wconf 88' lang='lat' dir='ltr'><strong>et</strong></span> <span class='ocrx_word' id='word_1_35' title='bbox 1018 1121 1187 1187; x_wconf 78' lang='lat' dir='ltr'><strong>Hermogenis</strong></span> <span class='ocrx_word' id='word_1_36' title='bbox 1205 1123 1313 1174; x_wconf 80' lang='lat' dir='ltr'><strong>Tursen.</strong></span> 
     </span>
     <span class='ocr_line' id='line_1_6' title="bbox 162 1203 1308 1272; baseline -0.004 -14"><span class='ocrx_word' id='word_1_37' title='bbox 162 1217 230 1269; x_wconf 79' lang='lat' dir='ltr'><strong>tete,</strong></span> <span class='ocrx_word' id='word_1_38' title='bbox 247 1209 355 1272; x_wconf 86' lang='lat' dir='ltr'><strong>spatium</strong></span> <span class='ocrx_word' id='word_1_39' title='bbox 373 1207 714 1272; x_wconf 76' lang='lat' dir='ltr'><strong>mopnnm,lonpnm,inpens‚</strong></span> <span class='ocrx_word' id='word_1_40' title='bbox 761 1207 809 1266; x_wconf 86' lang='lat' dir='ltr'><strong>sis,</strong></span> <span class='ocrx_word' id='word_1_41' title='bbox 834 1219 985 1270; x_wconf 80' lang='lat' dir='ltr'><strong>quemquam</strong></span> <span class='ocrx_word' id='word_1_42' title='bbox 1010 1206 1031 1253; x_wconf 84' lang='lat' dir='ltr'><strong>is</strong></span> <span class='ocrx_word' id='word_1_43' title='bbox 1057 1203 1151 1254; x_wconf 75' lang='lat' dir='ltr'><strong>Graece</strong></span> <span class='ocrx_word' id='word_1_44' title='bbox 1176 1206 1308 1268; x_wconf 81' lang='lat' dir='ltr'><strong>scripserit.</strong></span> 
     </span>
     <span class='ocr_line' id='line_1_7' title="bbox 157 1287 1310 1356; baseline -0.005 -16"><span class='ocrx_word' id='word_1_45' title='bbox 157 1305 281 1356; x_wconf 82' lang='lat' dir='ltr'><strong>parvum,</strong></span> <span class='ocrx_word' id='word_1_46' title='bbox 298 1289 714 1355; x_wconf 75' lang='lat' dir='ltr'><strong>enipeum,breue;snetprondei</strong></span> <span class='ocrx_word' id='word_1_47' title='bbox 761 1289 839 1336; x_wconf 86' lang='lat' dir='ltr'><strong>Hunc</strong></span> <span class='ocrx_word' id='word_1_48' title='bbox 863 1293 948 1336; x_wconf 75' lang='lat' dir='ltr'><strong>nouat</strong></span> <span class='ocrx_word' id='word_1_49' title='bbox 972 1287 1093 1345; x_wconf 73' lang='lat' dir='ltr'><strong>occisum,</strong></span> <span class='ocrx_word' id='word_1_50' title='bbox 1118 1293 1218 1349; x_wconf 86' lang='lat' dir='ltr'><strong>propter</strong></span> <span class='ocrx_word' id='word_1_51' title='bbox 1239 1299 1310 1349; x_wconf 89' lang='lat' dir='ltr'><strong>quus·</strong></span> 
     </span>
     <span class='ocr_line' id='line_1_8' title="bbox 162 1365 1312 1436; baseline -0.003 -17"><span class='ocrx_word' id='word_1_52' title='bbox 162 1369 220 1419; x_wconf 84' lang='lat' dir='ltr'><strong>Sed</strong></span> <span class='ocrx_word' id='word_1_53' title='bbox 249 1371 367 1420; x_wconf 87' lang='lat' dir='ltr'><strong>usitatum</strong></span> <span class='ocrx_word' id='word_1_54' title='bbox 393 1371 436 1419; x_wconf 92' lang='lat' dir='ltr'><strong>sit:</strong></span> <span class='ocrx_word' id='word_1_55' title='bbox 463 1369 572 1436; x_wconf 82' lang='lat' dir='ltr'><strong>spatium</strong></span> <span class='ocrx_word' id='word_1_56' title='bbox 597 1371 653 1420; x_wconf 82' lang='lat' dir='ltr'><strong>oevi</strong></span> <span class='ocrx_word' id='word_1_57' title='bbox 678 1377 714 1419; x_wconf 89' lang='lat' dir='ltr'><strong>est</strong></span> <span class='ocrx_word' id='word_1_58' title='bbox 760 1369 818 1416; x_wconf 83' lang='lat' dir='ltr'><strong>dem</strong></span> <span class='ocrx_word' id='word_1_59' title='bbox 843 1369 869 1416; x_wconf 92' lang='lat' dir='ltr'><strong>in</strong></span> <span class='ocrx_word' id='word_1_60' title='bbox 895 1369 1010 1416; x_wconf 76' lang='lat' dir='ltr'><strong>Historia</strong></span> <span class='ocrx_word' id='word_1_61' title='bbox 1034 1367 1140 1430; x_wconf 81' lang='lat' dir='ltr'><strong>figuras,</strong></span> <span class='ocrx_word' id='word_1_62' title='bbox 1159 1365 1187 1432; x_wconf 84' lang='lat' dir='ltr'><strong>(i.</strong></span> <span class='ocrx_word' id='word_1_63' title='bbox 1206 1381 1227 1416; x_wconf 89' lang='lat' dir='ltr'><strong>e.</strong></span> <span class='ocrx_word' id='word_1_64' title='bbox 1245 1368 1312 1416; x_wconf 90' lang='lat' dir='ltr'><strong>dicta</strong></span> 
     </span>
     <span class='ocr_line' id='line_1_9' title="bbox 158 1447 1311 1516; baseline -0.003 -18"><span class='ocrx_word' id='word_1_65' title='bbox 158 1467 231 1516; x_wconf 85' lang='lat' dir='ltr'><strong>parc</strong></span> <span class='ocrx_word' id='word_1_66' title='bbox 259 1451 320 1499; x_wconf 84' lang='lat' dir='ltr'><strong>aeui.</strong></span> <span class='ocrx_word' id='word_1_67' title='bbox 350 1451 434 1500; x_wconf 73' lang='lat' dir='ltr'><strong>Varro</strong></span> <span class='ocrx_word' id='word_1_68' title='bbox 459 1467 549 1502; x_wconf 81' lang='lat' dir='ltr'><strong>aevum</strong></span> <span class='ocrx_word' id='word_1_69' title='bbox 573 1453 662 1501; x_wconf 86' lang='lat' dir='ltr'><strong>dividit</strong></span> <span class='ocrx_word' id='word_1_70' title='bbox 687 1451 713 1500; x_wconf 92' lang='lat' dir='ltr'><strong>in</strong></span> <span class='ocrx_word' id='word_1_71' title='bbox 760 1451 873 1512; x_wconf 84' lang='lat' dir='ltr'><strong>oblique,</strong></span> <span class='ocrx_word' id='word_1_72' title='bbox 898 1451 988 1514; x_wconf 88' lang='lat' dir='ltr'><strong>quibus</strong></span> <span class='ocrx_word' id='word_1_73' title='bbox 1013 1448 1173 1498; x_wconf 85' lang='lat' dir='ltr'><strong>Domitianus</strong></span> <span class='ocrx_word' id='word_1_74' title='bbox 1197 1447 1311 1511; x_wconf 76' lang='lat' dir='ltr'><strong>seiungi</strong></span> 
     </span>
     <span class='ocr_line' id='line_1_10' title="bbox 161 1528 1312 1595; baseline -0.002 -15"><span class='ocrx_word' id='word_1_75' title='bbox 161 1531 310 1594; x_wconf 81' lang='lat' dir='ltr'><strong>pueritiam,</strong></span> <span class='ocrx_word' id='word_1_76' title='bbox 334 1547 398 1595; x_wconf 85' lang='lat' dir='ltr'><strong>ques</strong></span> <span class='ocrx_word' id='word_1_77' title='bbox 422 1540 462 1581; x_wconf 87' lang='lat' dir='ltr'><strong>ost</strong></span> <span class='ocrx_word' id='word_1_78' title='bbox 487 1548 502 1582; x_wconf 89' lang='lat' dir='ltr'><strong>a</strong></span> <span class='ocrx_word' id='word_1_79' title='bbox 526 1535 567 1582; x_wconf 86' lang='lat' dir='ltr'><strong>dia</strong></span> <span class='ocrx_word' id='word_1_80' title='bbox 587 1534 714 1582; x_wconf 75' lang='lat' dir='ltr'><strong>natalicii</strong></span> <span class='ocrx_word' id='word_1_81' title='bbox 759 1531 871 1595; x_wconf 80' lang='lat' dir='ltr'><strong>putebat)</strong></span> <span class='ocrx_word' id='word_1_82' title='bbox 901 1531 1009 1580; x_wconf 83' lang='lat' dir='ltr'><strong>librariis</strong></span> <span class='ocrx_word' id='word_1_83' title='bbox 1039 1530 1127 1588; x_wconf 87' lang='lat' dir='ltr'><strong>etiam,</strong></span> <span class='ocrx_word' id='word_1_84' title='bbox 1157 1528 1201 1594; x_wconf 88' lang='lat' dir='ltr'><strong>qui</strong></span> <span class='ocrx_word' id='word_1_85' title='bbox 1227 1529 1312 1579; x_wconf 84' lang='lat' dir='ltr'><strong>Histo-</strong></span> 
     </span>
     <span class='ocr_line' id='line_1_11' title="bbox 161 1609 1312 1678; baseline -0.002 -18"><span class='ocrx_word' id='word_1_86' title='bbox 161 1627 261 1661; x_wconf 80' lang='lat' dir='ltr'><strong>eunum</strong></span> <span class='ocrx_word' id='word_1_87' title='bbox 285 1614 409 1662; x_wconf 90' lang='lat' dir='ltr'><strong>decimum</strong></span> <span class='ocrx_word' id='word_1_88' title='bbox 430 1615 558 1678; x_wconf 88' lang='lat' dir='ltr'><strong>quintum,</strong></span> <span class='ocrx_word' id='word_1_89' title='bbox 576 1613 713 1663; x_wconf 87' lang='lat' dir='ltr'><strong>adolescen-</strong></span> <span class='ocrx_word' id='word_1_90' title='bbox 758 1612 822 1660; x_wconf 70' lang='lat' dir='ltr'><strong>mam</strong></span> <span class='ocrx_word' id='word_1_91' title='bbox 847 1613 1039 1675; x_wconf 77' lang='lat' dir='ltr'><strong>descripserant,</strong></span> <span class='ocrx_word' id='word_1_92' title='bbox 1061 1612 1128 1660; x_wconf 86' lang='lat' dir='ltr'><strong>cruci</strong></span> <span class='ocrx_word' id='word_1_93' title='bbox 1153 1609 1224 1659; x_wconf 73' lang='lat' dir='ltr'><strong>tixisr</strong></span> <span class='ocrx_word' id='word_1_94' title='bbox 1249 1615 1312 1659; x_wconf 86' lang='lat' dir='ltr'><strong>attu-</strong></span> 
     </span>
     <span class='ocr_line' id='line_1_12' title="bbox 162 1691 1218 1758; baseline -0.002 -16"><span class='ocrx_word' id='word_1_95' title='bbox 162 1693 224 1742; x_wconf 85' lang='lat' dir='ltr'><strong>tiam</strong></span> <span class='ocrx_word' id='word_1_96' title='bbox 254 1696 286 1743; x_wconf 86' lang='lat' dir='ltr'><strong>od</strong></span> <span class='ocrx_word' id='word_1_97' title='bbox 311 1695 479 1758; x_wconf 85' lang='lat' dir='ltr'><strong>trigesimum,</strong></span> <span class='ocrx_word' id='word_1_98' title='bbox 504 1696 659 1744; x_wconf 87' lang='lat' dir='ltr'><strong>iuventutem</strong></span> <span class='ocrx_word' id='word_1_99' title='bbox 683 1698 715 1744; x_wconf 86' lang='lat' dir='ltr'><strong>cd</strong></span> <span class='ocrx_word' id='word_1_100' title='bbox 758 1693 858 1752; x_wconf 88' lang='lat' dir='ltr'><strong>iissent,</strong></span> <span class='ocrx_word' id='word_1_101' title='bbox 876 1693 962 1750; x_wconf 89' lang='lat' dir='ltr'><strong>credo,</strong></span> <span class='ocrx_word' id='word_1_102' title='bbox 979 1693 1051 1755; x_wconf 83' lang='lat' dir='ltr'><strong>plura</strong></span> <span class='ocrx_word' id='word_1_103' title='bbox 1068 1692 1089 1741; x_wconf 87' lang='lat' dir='ltr'><strong>si</strong></span> <span class='ocrx_word' id='word_1_104' title='bbox 1106 1691 1218 1740; x_wconf 81' lang='lat' dir='ltr'><strong>luissent.</strong></span> 
     </span>
     <span class='ocr_line' id='line_1_13' title="bbox 161 1771 1313 1838; baseline 0 -16"><span class='ocrx_word' id='word_1_105' title='bbox 161 1775 394 1838; x_wconf 71' lang='lat' dir='ltr'><strong>quadragesimum,</strong></span> <span class='ocrx_word' id='word_1_106' title='bbox 416 1783 523 1826; x_wconf 80' lang='lat' dir='ltr'><strong>aetutem</strong></span> <span class='ocrx_word' id='word_1_107' title='bbox 545 1777 665 1826; x_wconf 83' lang='lat' dir='ltr'><strong>seniorum</strong></span> <span class='ocrx_word' id='word_1_108' title='bbox 683 1779 715 1826; x_wconf 88' lang='lat' dir='ltr'><strong>ad</strong></span> <span class='ocrx_word' id='word_1_109' title='bbox 795 1771 846 1833; x_wconf 88' lang='lat' dir='ltr'><strong>Et,</strong></span> <span class='ocrx_word' id='word_1_110' title='bbox 864 1774 902 1822; x_wconf 87' lang='lat' dir='ltr'><strong>nti</strong></span> <span class='ocrx_word' id='word_1_111' title='bbox 918 1773 1030 1822; x_wconf 84' lang='lat' dir='ltr'><strong>dixerim.</strong></span> <span class='ocrx_word' id='word_1_112' title='bbox 1049 1773 1142 1822; x_wconf 81' lang='lat' dir='ltr'><strong>Dubito</strong></span> <span class='ocrx_word' id='word_1_113' title='bbox 1160 1789 1191 1822; x_wconf 84' lang='lat' dir='ltr'><strong>en</strong></span> <span class='ocrx_word' id='word_1_114' title='bbox 1210 1773 1313 1822; x_wconf 86' lang='lat' dir='ltr'><strong>Tucitus</strong></span> 
     </span>
     <span class='ocr_line' id='line_1_14' title="bbox 162 1855 1312 1920; baseline -0.001 -16"><span class='ocrx_word' id='word_1_115' title='bbox 162 1857 361 1920; x_wconf 82' lang='lat' dir='ltr'><strong>sexagesimum,</strong></span> <span class='ocrx_word' id='word_1_116' title='bbox 396 1865 549 1908; x_wconf 87' lang='lat' dir='ltr'><strong>senectutem</strong></span> <span class='ocrx_word' id='word_1_117' title='bbox 583 1859 613 1907; x_wconf 84' lang='lat' dir='ltr'><strong>ud</strong></span> <span class='ocrx_word' id='word_1_118' title='bbox 638 1859 715 1907; x_wconf 85' lang='lat' dir='ltr'><strong>finam</strong></span> <span class='ocrx_word' id='word_1_119' title='bbox 761 1857 788 1904; x_wconf 91' lang='lat' dir='ltr'><strong>in</strong></span> <span class='ocrx_word' id='word_1_120' title='bbox 812 1857 916 1905; x_wconf 87' lang='lat' dir='ltr'><strong>exordio</strong></span> <span class='ocrx_word' id='word_1_121' title='bbox 941 1855 1016 1904; x_wconf 90' lang='lat' dir='ltr'><strong>buius</strong></span> <span class='ocrx_word' id='word_1_122' title='bbox 1040 1855 1120 1903; x_wconf 85' lang='lat' dir='ltr'><strong>libelli</strong></span> <span class='ocrx_word' id='word_1_123' title='bbox 1137 1855 1191 1904; x_wconf 88' lang='lat' dir='ltr'><strong>sino</strong></span> <span class='ocrx_word' id='word_1_124' title='bbox 1208 1855 1312 1904; x_wconf 88' lang='lat' dir='ltr'><strong>necessi·</strong></span> 
     </span>
     <span class='ocr_line' id='line_1_15' title="bbox 161 1934 1310 2004; baseline -0.002 -18"><span class='ocrx_word' id='word_1_125' title='bbox 161 1938 237 1986; x_wconf 80' lang='lat' dir='ltr'><strong>vitae.</strong></span> <span class='ocrx_word' id='word_1_126' title='bbox 253 1937 391 1988; x_wconf 83' lang='lat' dir='ltr'><strong>Constituit</strong></span> <span class='ocrx_word' id='word_1_127' title='bbox 407 1940 483 2002; x_wconf 85' lang='lat' dir='ltr'><strong>igitur</strong></span> <span class='ocrx_word' id='word_1_128' title='bbox 498 1939 609 2004; x_wconf 88' lang='lat' dir='ltr'><strong>quinque</strong></span> <span class='ocrx_word' id='word_1_129' title='bbox 624 1947 715 2004; x_wconf 81' lang='lat' dir='ltr'><strong>portes,</strong></span> <span class='ocrx_word' id='word_1_130' title='bbox 761 1943 811 1984; x_wconf 87' lang='lat' dir='ltr'><strong>tete</strong></span> <span class='ocrx_word' id='word_1_131' title='bbox 849 1937 1004 1986; x_wconf 76' lang='lat' dir='ltr'><strong>adhibiturus</strong></span> <span class='ocrx_word' id='word_1_132' title='bbox 1045 1934 1132 1982; x_wconf 84' lang='lat' dir='ltr'><strong>fuisset</strong></span> <span class='ocrx_word' id='word_1_133' title='bbox 1175 1934 1310 1984; x_wconf 75' lang='lat' dir='ltr'><strong>formulam</strong></span> 
     </span>
     <span class='ocr_line' id='line_1_16' title="bbox 161 2017 1311 2083; baseline -0.004 -15"><span class='ocrx_word' id='word_1_134' title='bbox 161 2033 269 2082; x_wconf 82' lang='lat' dir='ltr'><strong>quarum</strong></span> <span class='ocrx_word' id='word_1_135' title='bbox 284 2027 392 2083; x_wconf 77' lang='lat' dir='ltr'><strong>quotuor·</strong></span> <span class='ocrx_word' id='word_1_136' title='bbox 408 2021 516 2070; x_wconf 88' lang='lat' dir='ltr'><strong>efficiunt</strong></span> <span class='ocrx_word' id='word_1_137' title='bbox 537 2035 624 2070; x_wconf 87' lang='lat' dir='ltr'><strong>omnes</strong></span> <span class='ocrx_word' id='word_1_138' title='bbox 646 2036 715 2070; x_wconf 84' lang='lat' dir='ltr'><strong>sexa·</strong></span> <span class='ocrx_word' id='word_1_139' title='bbox 761 2019 823 2068; x_wconf 88' lang='lat' dir='ltr'><strong>adeo</strong></span> <span class='ocrx_word' id='word_1_140' title='bbox 845 2020 984 2066; x_wconf 79' lang='lat' dir='ltr'><strong>abstrusam</strong></span> <span class='ocrx_word' id='word_1_141' title='bbox 1008 2023 1033 2064; x_wconf 88' lang='lat' dir='ltr'><strong>et</strong></span> <span class='ocrx_word' id='word_1_142' title='bbox 1060 2017 1155 2064; x_wconf 80' lang='lat' dir='ltr'><strong>abusu</strong></span> <span class='ocrx_word' id='word_1_143' title='bbox 1171 2023 1311 2073; x_wconf 79' lang='lat' dir='ltr'><strong>remotum,</strong></span> 
     </span>
     <span class='ocr_line' id='line_1_17' title="bbox 161 2097 1313 2165; baseline -0.003 -17"><span class='ocrx_word' id='word_1_144' title='bbox 161 2101 241 2162; x_wconf 75' lang='lat' dir='ltr'><strong>ginta</strong></span> <span class='ocrx_word' id='word_1_145' title='bbox 267 2100 344 2150; x_wconf 81' lang='lat' dir='ltr'><strong>Adde</strong></span> <span class='ocrx_word' id='word_1_146' title='bbox 371 2109 405 2150; x_wconf 80' lang='lat' dir='ltr'><strong>ex</strong></span> <span class='ocrx_word' id='word_1_147' title='bbox 430 2103 520 2150; x_wconf 88' lang='lat' dir='ltr'><strong>ultima</strong></span> <span class='ocrx_word' id='word_1_148' title='bbox 544 2109 613 2165; x_wconf 79' lang='lat' dir='ltr'><strong>parte</strong></span> <span class='ocrx_word' id='word_1_149' title='bbox 636 2119 715 2152; x_wconf 87' lang='lat' dir='ltr'><strong>onnos</strong></span> <span class='ocrx_word' id='word_1_150' title='bbox 760 2105 788 2147; x_wconf 92' lang='lat' dir='ltr'><strong>ut</strong></span> <span class='ocrx_word' id='word_1_151' title='bbox 813 2099 849 2147; x_wconf 89' lang='lat' dir='ltr'><strong>sie</strong></span> <span class='ocrx_word' id='word_1_152' title='bbox 874 2099 1016 2147; x_wconf 83' lang='lat' dir='ltr'><strong>excusanda</strong></span> <span class='ocrx_word' id='word_1_153' title='bbox 1040 2103 1112 2145; x_wconf 88' lang='lat' dir='ltr'><strong>esset.</strong></span> <span class='ocrx_word' id='word_1_154' title='bbox 1131 2097 1221 2160; x_wconf 86' lang='lat' dir='ltr'><strong>Neque</strong></span> <span class='ocrx_word' id='word_1_155' title='bbox 1239 2111 1313 2146; x_wconf 84' lang='lat' dir='ltr'><strong>excu-</strong></span> 
     </span>
     <span class='ocr_line' id='line_1_18' title="bbox 164 2179 1312 2245; baseline 0.001 -15"><span class='ocrx_word' id='word_1_156' title='bbox 164 2182 258 2230; x_wconf 83' lang='lat' dir='ltr'><strong>dacem</strong></span> <span class='ocrx_word' id='word_1_157' title='bbox 293 2182 431 2232; x_wconf 86' lang='lat' dir='ltr'><strong>Conficitur</strong></span> <span class='ocrx_word' id='word_1_158' title='bbox 465 2199 562 2232; x_wconf 81' lang='lat' dir='ltr'><strong>summa</strong></span> <span class='ocrx_word' id='word_1_159' title='bbox 592 2199 715 2233; x_wconf 88' lang='lat' dir='ltr'><strong>annorum</strong></span> <span class='ocrx_word' id='word_1_160' title='bbox 761 2179 824 2229; x_wconf 88' lang='lat' dir='ltr'><strong>satio</strong></span> <span class='ocrx_word' id='word_1_161' title='bbox 848 2181 955 2244; x_wconf 81' lang='lat' dir='ltr'><strong>pertinet</strong></span> <span class='ocrx_word' id='word_1_162' title='bbox 981 2181 1011 2229; x_wconf 86' lang='lat' dir='ltr'><strong>ad</strong></span> <span class='ocrx_word' id='word_1_163' title='bbox 1029 2181 1176 2245; x_wconf 84' lang='lat' dir='ltr'><strong>superstites</strong></span> <span class='ocrx_word' id='word_1_164' title='bbox 1194 2181 1312 2242; x_wconf 84' lang='lat' dir='ltr'><strong>oliorum,</strong></span> 
     </span>
     <span class='ocr_line' id='line_1_19' title="bbox 163 2261 1312 2328; baseline 0.002 -18"><span class='ocrx_word' id='word_1_165' title='bbox 163 2263 328 2326; x_wconf 76' lang='lat' dir='ltr'><strong>septuaginta.</strong></span> <span class='ocrx_word' id='word_1_166' title='bbox 356 2263 465 2313; x_wconf 83' lang='lat' dir='ltr'><strong>Rectene</strong></span> <span class='ocrx_word' id='word_1_167' title='bbox 491 2265 551 2314; x_wconf 86' lang='lat' dir='ltr'><strong>anni</strong></span> <span class='ocrx_word' id='word_1_168' title='bbox 572 2263 715 2328; x_wconf 88' lang='lat' dir='ltr'><strong>quindecim</strong></span> <span class='ocrx_word' id='word_1_169' title='bbox 760 2264 786 2310; x_wconf 94' lang='lat' dir='ltr'><strong>in</strong></span> <span class='ocrx_word' id='word_1_170' title='bbox 811 2277 861 2325; x_wconf 90' lang='lat' dir='ltr'><strong>quo</strong></span> <span class='ocrx_word' id='word_1_171' title='bbox 883 2261 947 2310; x_wconf 92' lang='lat' dir='ltr'><strong>nihil</strong></span> <span class='ocrx_word' id='word_1_172' title='bbox 972 2262 1079 2323; x_wconf 85' lang='lat' dir='ltr'><strong>insoliti,</strong></span> <span class='ocrx_word' id='word_1_173' title='bbox 1106 2265 1150 2312; x_wconf 86' lang='lat' dir='ltr'><strong>sed</strong></span> <span class='ocrx_word' id='word_1_174' title='bbox 1174 2266 1206 2313; x_wconf 86' lang='lat' dir='ltr'><strong>od</strong></span> <span class='ocrx_word' id='word_1_175' title='bbox 1228 2279 1312 2328; x_wconf 84' lang='lat' dir='ltr'><strong>snper·</strong></span> 
     </span>
     <span class='ocr_line' id='line_1_20' title="bbox 162 2343 1312 2409; baseline 0 -17"><span class='ocrx_word' id='word_1_176' title='bbox 162 2350 283 2393; x_wconf 80' lang='lat' dir='ltr'><strong>vocentur</strong></span> <span class='ocrx_word' id='word_1_177' title='bbox 298 2343 395 2408; x_wconf 75' lang='lat' dir='ltr'><strong>prande</strong></span> <span class='ocrx_word' id='word_1_178' title='bbox 408 2344 516 2409; x_wconf 85' lang='lat' dir='ltr'><strong>spatium</strong></span> <span class='ocrx_word' id='word_1_179' title='bbox 524 2344 701 2394; x_wconf 81' lang='lat' dir='ltr'><strong>morietisoevi</strong></span> <span class='ocrx_word' id='word_1_180' title='bbox 708 2384 713 2404; x_wconf 91' lang='lat'><strong><em>‚</em></strong></span> <span class='ocrx_word' id='word_1_181' title='bbox 760 2343 832 2392; x_wconf 86' lang='lat' dir='ltr'><strong>stites</strong></span> <span class='ocrx_word' id='word_1_182' title='bbox 848 2343 934 2391; x_wconf 82' lang='lat' dir='ltr'><strong>nostri.</strong></span> <span class='ocrx_word' id='word_1_183' title='bbox 953 2343 1095 2393; x_wconf 87' lang='lat' dir='ltr'><strong>Dicendum</strong></span> <span class='ocrx_word' id='word_1_184' title='bbox 1112 2351 1164 2394; x_wconf 86' lang='lat' dir='ltr'><strong>erat</strong></span> <span class='ocrx_word' id='word_1_185' title='bbox 1181 2361 1227 2392; x_wconf 90' lang='lat' dir='ltr'><strong>non</strong></span> <span class='ocrx_word' id='word_1_186' title='bbox 1243 2343 1312 2393; x_wconf 89' lang='lat' dir='ltr'><strong>modo</strong></span> 
     </span>
     <span class='ocr_line' id='line_1_21' title="bbox 161 2421 1312 2488; baseline -0.001 -15"><span class='ocrx_word' id='word_1_187' title='bbox 161 2426 265 2487; x_wconf 79' lang='lat' dir='ltr'><strong>grundis</strong></span> <span class='ocrx_word' id='word_1_188' title='bbox 297 2439 355 2488; x_wconf 82' lang='lat' dir='ltr'><strong>pers</strong></span> <span class='ocrx_word' id='word_1_189' title='bbox 389 2425 545 2488; x_wconf 77' lang='lat' dir='ltr'><strong>septuaginta</strong></span> <span class='ocrx_word' id='word_1_190' title='bbox 570 2427 714 2475; x_wconf 75' lang='lat' dir='ltr'><strong>annorum?</strong></span> <span class='ocrx_word' id='word_1_191' title='bbox 761 2421 951 2483; x_wconf 56' lang='lat' dir='ltr'><strong>attorenfeed</strong></span> <span class='ocrx_word' id='word_1_192' title='bbox 973 2425 1060 2483; x_wconf 84' lang='lat' dir='ltr'><strong>etium,</strong></span> <span class='ocrx_word' id='word_1_193' title='bbox 1087 2433 1115 2474; x_wconf 83' lang='lat' dir='ltr'><strong>et</strong></span> <span class='ocrx_word' id='word_1_194' title='bbox 1139 2426 1177 2474; x_wconf 85' lang='lat' dir='ltr'><strong>ita</strong></span> <span class='ocrx_word' id='word_1_195' title='bbox 1194 2424 1312 2484; x_wconf 77' lang='lat' dir='ltr'><strong>dixerim,</strong></span> 
     </span>
     <span class='ocr_line' id='line_1_22' title="bbox 162 2502 1313 2569; baseline 0.001 -15"><span class='ocrx_word' id='word_1_196' title='bbox 162 2505 221 2554; x_wconf 85' lang='lat' dir='ltr'><strong>Nisi</strong></span> <span class='ocrx_word' id='word_1_197' title='bbox 238 2507 341 2569; x_wconf 87' lang='lat' dir='ltr'><strong>scriptor</strong></span> <span class='ocrx_word' id='word_1_198' title='bbox 357 2506 461 2555; x_wconf 74' lang='lat' dir='ltr'><strong>fortasse</strong></span> <span class='ocrx_word' id='word_1_199' title='bbox 477 2507 620 2569; x_wconf 87' lang='lat' dir='ltr'><strong>quindecim</strong></span> <span class='ocrx_word' id='word_1_200' title='bbox 637 2523 715 2557; x_wconf 80' lang='lat' dir='ltr'><strong>annos</strong></span> <span class='ocrx_word' id='word_1_201' title='bbox 761 2503 840 2554; x_wconf 86' lang='lat' dir='ltr'><strong>nostri</strong></span> <span class='ocrx_word' id='word_1_202' title='bbox 864 2502 1011 2568; x_wconf 83' lang='lat' dir='ltr'><strong>superstites</strong></span> <span class='ocrx_word' id='word_1_203' title='bbox 1035 2521 1124 2555; x_wconf 80' lang='lat' dir='ltr'><strong>senens.</strong></span> <span class='ocrx_word' id='word_1_204' title='bbox 1151 2505 1192 2554; x_wconf 82' lang='lat' dir='ltr'><strong>Ite</strong></span> <span class='ocrx_word' id='word_1_205' title='bbox 1208 2507 1234 2554; x_wconf 91' lang='lat' dir='ltr'><strong>in</strong></span> <span class='ocrx_word' id='word_1_206' title='bbox 1253 2504 1313 2555; x_wconf 83' lang='lat' dir='ltr'><strong>Ger·</strong></span> 
     </span>
     <span class='ocr_line' id='line_1_23' title="bbox 163 2583 1314 2652; baseline 0.003 -19"><span class='ocrx_word' id='word_1_207' title='bbox 163 2585 211 2634; x_wconf 88' lang='lat' dir='ltr'><strong>sub</strong></span> <span class='ocrx_word' id='word_1_208' title='bbox 234 2586 300 2634; x_wconf 74' lang='lat' dir='ltr'><strong>melo</strong></span> <span class='ocrx_word' id='word_1_209' title='bbox 324 2585 436 2649; x_wconf 84' lang='lat' dir='ltr'><strong>principe</strong></span> <span class='ocrx_word' id='word_1_210' title='bbox 452 2601 524 2650; x_wconf 86' lang='lat' dir='ltr'><strong>paras</strong></span> <span class='ocrx_word' id='word_1_211' title='bbox 540 2601 593 2637; x_wconf 86' lang='lat' dir='ltr'><strong>esse</strong></span> <span class='ocrx_word' id='word_1_212' title='bbox 610 2589 716 2638; x_wconf 86' lang='lat' dir='ltr'><strong>voluerit</strong></span> <span class='ocrx_word' id='word_1_213' title='bbox 761 2586 846 2635; x_wconf 83' lang='lat' dir='ltr'><strong>menia</strong></span> <span class='ocrx_word' id='word_1_214' title='bbox 876 2589 899 2633; x_wconf 82' lang='lat'><strong>2.</strong></span> <span class='ocrx_word' id='word_1_215' title='bbox 928 2583 1002 2650; x_wconf 87' lang='lat' dir='ltr'><strong>Ipsos</strong></span> <span class='ocrx_word' id='word_1_216' title='bbox 1030 2585 1164 2637; x_wconf 85' lang='lat' dir='ltr'><strong>Germanos</strong></span> <span class='ocrx_word' id='word_1_217' title='bbox 1185 2585 1314 2652; x_wconf 81' lang='lat' dir='ltr'><strong>indipenos</strong></span> 
     </span>
     <span class='ocr_line' id='line_1_24' title="bbox 162 2665 1314 2734; baseline 0.003 -19"><span class='ocrx_word' id='word_1_218' title='bbox 162 2666 267 2729; x_wconf 76' lang='lat' dir='ltr'><strong>triginta</strong></span> <span class='ocrx_word' id='word_1_219' title='bbox 291 2668 337 2716; x_wconf 87' lang='lat' dir='ltr'><strong>sub</strong></span> <span class='ocrx_word' id='word_1_220' title='bbox 363 2667 441 2726; x_wconf 90' lang='lat' dir='ltr'><strong>bono;</strong></span> <span class='ocrx_word' id='word_1_221' title='bbox 460 2668 512 2717; x_wconf 80' lang='lat' dir='ltr'><strong>iere</strong></span> <span class='ocrx_word' id='word_1_222' title='bbox 529 2675 556 2718; x_wconf 89' lang='lat' dir='ltr'><strong>ut</strong></span> <span class='ocrx_word' id='word_1_223' title='bbox 574 2671 640 2732; x_wconf 89' lang='lat' dir='ltr'><strong>apud</strong></span> <span class='ocrx_word' id='word_1_224' title='bbox 657 2685 715 2730; x_wconf 88' lang='lat' dir='ltr'><strong>nos,</strong></span> <span class='ocrx_word' id='word_1_225' title='bbox 762 2665 920 2725; x_wconf 82' lang='lat' dir='ltr'><strong>crediderim,</strong></span> <span class='ocrx_word' id='word_1_226' title='bbox 953 2665 1095 2732; x_wconf 81' lang='lat' dir='ltr'><strong>minimeque</strong></span> <span class='ocrx_word' id='word_1_227' title='bbox 1127 2667 1235 2718; x_wconf 84' lang='lat' dir='ltr'><strong>oliorum</strong></span> <span class='ocrx_word' id='word_1_228' title='bbox 1258 2683 1314 2734; x_wconf 81' lang='lat' dir='ltr'><strong>pen·</strong></span> 
     </span>
     <span class='ocr_line' id='line_1_25' title="bbox 162 2748 1312 2814; baseline 0.001 -18"><span class='ocrx_word' id='word_1_229' title='bbox 162 2749 206 2812; x_wconf 93' lang='lat' dir='ltr'><strong>qui</strong></span> <span class='ocrx_word' id='word_1_230' title='bbox 235 2749 263 2796; x_wconf 90' lang='lat' dir='ltr'><strong>in</strong></span> <span class='ocrx_word' id='word_1_231' title='bbox 287 2749 393 2797; x_wconf 89' lang='lat' dir='ltr'><strong>coloniis</strong></span> <span class='ocrx_word' id='word_1_232' title='bbox 419 2749 550 2798; x_wconf 84' lang='lat' dir='ltr'><strong>Indimum</strong></span> <span class='ocrx_word' id='word_1_233' title='bbox 574 2750 716 2813; x_wconf 90' lang='lat' dir='ltr'><strong>quindecim</strong></span> <span class='ocrx_word' id='word_1_234' title='bbox 763 2751 822 2799; x_wconf 86' lang='lat' dir='ltr'><strong>tium</strong></span> <span class='ocrx_word' id='word_1_235' title='bbox 843 2749 987 2799; x_wconf 80' lang='lat' dir='ltr'><strong>adventibus</strong></span> <span class='ocrx_word' id='word_1_236' title='bbox 1018 2758 1042 2799; x_wconf 80' lang='lat' dir='ltr'><strong>et</strong></span> <span class='ocrx_word' id='word_1_237' title='bbox 1067 2748 1183 2814; x_wconf 72' lang='lat' dir='ltr'><strong>hospitiis</strong></span> <span class='ocrx_word' id='word_1_238' title='bbox 1208 2750 1312 2799; x_wconf 72' lang='lat' dir='ltr'><strong>mixtos:</strong></span> 
     </span>
     <span class='ocr_line' id='line_1_26' title="bbox 162 2829 1313 2895; baseline 0.002 -17"><span class='ocrx_word' id='word_1_239' title='bbox 162 2843 243 2878; x_wconf 86' lang='lat' dir='ltr'><strong>annos</strong></span> <span class='ocrx_word' id='word_1_240' title='bbox 281 2829 412 2888; x_wconf 76' lang='lat' dir='ltr'><strong>militavit,</strong></span> <span class='ocrx_word' id='word_1_241' title='bbox 445 2831 566 2880; x_wconf 71' lang='lat' dir='ltr'><strong>militesne</strong></span> <span class='ocrx_word' id='word_1_242' title='bbox 602 2837 716 2880; x_wconf 85' lang='lat' dir='ltr'><strong>censetur</strong></span> <span class='ocrx_word' id='word_1_243' title='bbox 762 2831 822 2895; x_wconf 83' lang='lat' dir='ltr'><strong>quia</strong></span> <span class='ocrx_word' id='word_1_244' title='bbox 839 2846 881 2879; x_wconf 85' lang='lat' dir='ltr'><strong>nce</strong></span> <span class='ocrx_word' id='word_1_245' title='bbox 898 2839 968 2880; x_wconf 85' lang='lat' dir='ltr'><strong>terra</strong></span> <span class='ocrx_word' id='word_1_246' title='bbox 985 2830 1055 2890; x_wconf 83' lang='lat' dir='ltr'><strong>oiim,</strong></span> <span class='ocrx_word' id='word_1_247' title='bbox 1073 2829 1118 2879; x_wconf 89' lang='lat' dir='ltr'><strong>sed</strong></span> <span class='ocrx_word' id='word_1_248' title='bbox 1133 2829 1253 2880; x_wconf 84' lang='lat' dir='ltr'><strong>elassibus</strong></span> <span class='ocrx_word' id='word_1_249' title='bbox 1270 2830 1313 2879; x_wconf 85' lang='lat' dir='ltr'><strong>od·</strong></span> 
     </span>
     <span class='ocr_line' id='line_1_27' title="bbox 162 2909 1313 2977; baseline 0 -18"><span class='ocrx_word' id='word_1_250' title='bbox 162 2911 277 2974; x_wconf 78' lang='lat' dir='ltr'><strong>triginta.</strong></span> <span class='ocrx_word' id='word_1_251' title='bbox 761 2911 921 2972; x_wconf 79' lang='lat' dir='ltr'><strong>cedebantur,</strong></span> <span class='ocrx_word' id='word_1_252' title='bbox 948 2914 991 2977; x_wconf 85' lang='lat' dir='ltr'><strong>qni</strong></span> <span class='ocrx_word' id='word_1_253' title='bbox 1012 2919 1108 2960; x_wconf 84' lang='lat' dir='ltr'><strong>mutare</strong></span> <span class='ocrx_word' id='word_1_254' title='bbox 1125 2909 1195 2959; x_wconf 85' lang='lat' dir='ltr'><strong>sedes</strong></span> <span class='ocrx_word' id='word_1_255' title='bbox 1213 2927 1313 2974; x_wconf 80' lang='lat' dir='ltr'><strong>quaere·</strong></span> 
     </span>
    </p>

    <p class='ocr_par' dir='ltr' id='par_1_4' title="bbox 196 2987 1316 3056">
     <span class='ocr_line' id='line_1_28' title="bbox 196 2987 1316 3056; baseline 0.003 -18"><span class='ocrx_word' id='word_1_256' title='bbox 196 2987 403 3055; x_wconf 84' lang='lat' dir='ltr'><strong>Promptissimus</strong></span> <span class='ocrx_word' id='word_1_257' title='bbox 420 2990 531 3056; x_wconf 79' lang='lat' dir='ltr'><strong>quisque.</strong></span> <span class='ocrx_word' id='word_1_258' title='bbox 551 2991 648 3042; x_wconf 84' lang='lat' dir='ltr'><strong>Auctor</strong></span> <span class='ocrx_word' id='word_1_259' title='bbox 662 2999 716 3042; x_wconf 92' lang='lat' dir='ltr'><strong>tan·</strong></span> <span class='ocrx_word' id='word_1_260' title='bbox 762 2995 838 3049; x_wconf 85' lang='lat' dir='ltr'><strong>bent;</strong></span> <span class='ocrx_word' id='word_1_261' title='bbox 873 3001 897 3042; x_wconf 89' lang='lat' dir='ltr'><strong>et</strong></span> <span class='ocrx_word' id='word_1_262' title='bbox 922 2994 1048 3042; x_wconf 82' lang='lat' dir='ltr'><strong>immensus</strong></span> <span class='ocrx_word' id='word_1_263' title='bbox 1073 2991 1154 3050; x_wconf 84' lang='lat' dir='ltr'><strong>uitro,</strong></span> <span class='ocrx_word' id='word_1_264' title='bbox 1179 2999 1254 3054; x_wconf 82' lang='lat' dir='ltr'><strong>utque</strong></span> <span class='ocrx_word' id='word_1_265' title='bbox 1279 2993 1316 3041; x_wconf 87' lang='lat' dir='ltr'><strong>sie</strong></span> 
     </span>
    </p>
   </div>
   <div class='ocr_carea' id='block_1_4' title="bbox 162 3071 719 4515">
    <p class='ocr_par' dir='ltr' id='par_1_5' title="bbox 162 3071 719 4515">
     <span class='ocr_line' id='line_1_29' title="bbox 162 3071 715 3136; baseline 0.002 -15"><span class='ocrx_word' id='word_1_266' title='bbox 162 3079 218 3121; x_wconf 92' lang='lat' dir='ltr'><strong>tum</strong></span> <span class='ocrx_word' id='word_1_267' title='bbox 247 3072 358 3136; x_wconf 88' lang='lat' dir='ltr'><strong>loquitur</strong></span> <span class='ocrx_word' id='word_1_268' title='bbox 382 3075 413 3122; x_wconf 89' lang='lat' dir='ltr'><strong>de</strong></span> <span class='ocrx_word' id='word_1_269' title='bbox 438 3073 543 3136; x_wconf 79' lang='lat' dir='ltr'><strong>inperiis</strong></span> <span class='ocrx_word' id='word_1_270' title='bbox 568 3081 592 3121; x_wconf 86' lang='lat' dir='ltr'><strong>et</strong></span> <span class='ocrx_word' id='word_1_271' title='bbox 617 3071 715 3122; x_wconf 83' lang='lat' dir='ltr'><strong>studiis.</strong></span> 
     </span>
     <span class='ocr_line' id='line_1_30' title="bbox 164 3152 716 3217; baseline 0.004 -16"><span class='ocrx_word' id='word_1_272' title='bbox 164 3153 249 3216; x_wconf 81' lang='lat' dir='ltr'><strong>Igitur</strong></span> <span class='ocrx_word' id='word_1_273' title='bbox 271 3152 467 3217; x_wconf 84' lang='lat' dir='ltr'><strong>promptissimus</strong></span> <span class='ocrx_word' id='word_1_274' title='bbox 489 3153 530 3202; x_wconf 92' lang='lat' dir='ltr'><strong>hic</strong></span> <span class='ocrx_word' id='word_1_275' title='bbox 555 3162 592 3202; x_wconf 87' lang='lat' dir='ltr'><strong>est</strong></span> <span class='ocrx_word' id='word_1_276' title='bbox 614 3156 716 3217; x_wconf 83' lang='lat' dir='ltr'><strong>ingenio</strong></span> 
     </span>
     <span class='ocr_line' id='line_1_31' title="bbox 163 3234 717 3299; baseline 0.002 -15"><span class='ocrx_word' id='word_1_277' title='bbox 163 3241 190 3284; x_wconf 90' lang='lat' dir='ltr'><strong>et</strong></span> <span class='ocrx_word' id='word_1_278' title='bbox 224 3234 314 3283; x_wconf 87' lang='lat' dir='ltr'><strong>studiis</strong></span> <span class='ocrx_word' id='word_1_279' title='bbox 347 3236 454 3284; x_wconf 87' lang='lat' dir='ltr'><strong>maxime</strong></span> <span class='ocrx_word' id='word_1_280' title='bbox 478 3243 591 3299; x_wconf 72' lang='lat' dir='ltr'><strong>perenis,</strong></span> <span class='ocrx_word' id='word_1_281' title='bbox 614 3237 717 3299; x_wconf 83' lang='lat' dir='ltr'><strong>ingenio</strong></span> 
     </span>
     <span class='ocr_line' id='line_1_32' title="bbox 163 3315 716 3380; baseline 0.005 -16"><span class='ocrx_word' id='word_1_282' title='bbox 163 3315 253 3364; x_wconf 82' lang='lat' dir='ltr'><strong>studiis</strong></span> <span class='ocrx_word' id='word_1_283' title='bbox 271 3317 371 3364; x_wconf 84' lang='lat' dir='ltr'><strong>exculto</strong></span> <span class='ocrx_word' id='word_1_284' title='bbox 388 3324 444 3365; x_wconf 86' lang='lat' dir='ltr'><strong>anta</strong></span> <span class='ocrx_word' id='word_1_285' title='bbox 461 3317 524 3367; x_wconf 84' lang='lat' dir='ltr'><strong>elios</strong></span> <span class='ocrx_word' id='word_1_286' title='bbox 537 3318 651 3380; x_wconf 84' lang='lat' dir='ltr'><strong>insignis.</strong></span> <span class='ocrx_word' id='word_1_287' title='bbox 667 3319 716 3367; x_wconf 85' lang='lat' dir='ltr'><strong>Ru-</strong></span> 
     </span>
     <span class='ocr_line' id='line_1_33' title="bbox 163 3395 716 3463; baseline 0.009 -19"><span class='ocrx_word' id='word_1_288' title='bbox 163 3397 239 3445; x_wconf 86' lang='lat' dir='ltr'><strong>sticus</strong></span> <span class='ocrx_word' id='word_1_289' title='bbox 265 3403 290 3446; x_wconf 87' lang='lat' dir='ltr'><strong>et</strong></span> <span class='ocrx_word' id='word_1_290' title='bbox 316 3395 422 3447; x_wconf 84' lang='lat' dir='ltr'><strong>Senecio</strong></span> <span class='ocrx_word' id='word_1_291' title='bbox 439 3405 510 3447; x_wconf 84' lang='lat' dir='ltr'><strong>erent</strong></span> <span class='ocrx_word' id='word_1_292' title='bbox 526 3400 716 3463; x_wconf 88' lang='lat' dir='ltr'><strong>promptissimi,</strong></span> 
     </span>
     <span class='ocr_line' id='line_1_34' title="bbox 164 3477 716 3544; baseline 0.005 -18"><span class='ocrx_word' id='word_1_293' title='bbox 164 3493 223 3527; x_wconf 78' lang='lat' dir='ltr'><strong>num</strong></span> <span class='ocrx_word' id='word_1_294' title='bbox 256 3477 428 3538; x_wconf 72' lang='lat' dir='ltr'><strong>laudationes,</strong></span> <span class='ocrx_word' id='word_1_295' title='bbox 462 3493 523 3542; x_wconf 83' lang='lat' dir='ltr'><strong>quas</strong></span> <span class='ocrx_word' id='word_1_296' title='bbox 554 3481 716 3544; x_wconf 78' lang='lat' dir='ltr'><strong>scripserant,</strong></span> 
     </span>
     <span class='ocr_line' id='line_1_35' title="bbox 163 3559 717 3610; baseline 0.005 -4"><span class='ocrx_word' id='word_1_297' title='bbox 163 3559 280 3607; x_wconf 85' lang='lat' dir='ltr'><strong>dicuntur</strong></span> <span class='ocrx_word' id='word_1_298' title='bbox 300 3569 451 3608; x_wconf 86' lang='lat' dir='ltr'><strong>monumenta</strong></span> <span class='ocrx_word' id='word_1_299' title='bbox 471 3559 662 3610; x_wconf 83' lang='lat' dir='ltr'><strong>clarissimorum</strong></span> <span class='ocrx_word' id='word_1_300' title='bbox 683 3561 717 3609; x_wconf 90' lang='lat' dir='ltr'><strong>in-</strong></span> 
     </span>
     <span class='ocr_line' id='line_1_36' title="bbox 162 3637 717 3706; baseline 0.005 -19"><span class='ocrx_word' id='word_1_301' title='bbox 162 3639 296 3704; x_wconf 76' lang='lat' dir='ltr'><strong>pem&#39;ornm.</strong></span> <span class='ocrx_word' id='word_1_302' title='bbox 315 3637 368 3688; x_wconf 85' lang='lat' dir='ltr'><strong>Sed</strong></span> <span class='ocrx_word' id='word_1_303' title='bbox 384 3641 575 3700; x_wconf 86' lang='lat' dir='ltr'><strong>interciderunt,</strong></span> <span class='ocrx_word' id='word_1_304' title='bbox 593 3643 652 3706; x_wconf 80' lang='lat' dir='ltr'><strong>quia</strong></span> <span class='ocrx_word' id='word_1_305' title='bbox 668 3643 717 3690; x_wconf 87' lang='lat' dir='ltr'><strong>edi-</strong></span> 
     </span>
     <span class='ocr_line' id='line_1_37' title="bbox 164 3722 718 3786; baseline 0.005 -18"><span class='ocrx_word' id='word_1_306' title='bbox 164 3722 235 3780; x_wconf 87' lang='lat' dir='ltr'><strong>dero,</strong></span> <span class='ocrx_word' id='word_1_307' title='bbox 252 3727 417 3784; x_wconf 82' lang='lat' dir='ltr'><strong>provocantes</strong></span> <span class='ocrx_word' id='word_1_308' title='bbox 434 3722 469 3771; x_wconf 82' lang='lat' dir='ltr'><strong>itu</strong></span> <span class='ocrx_word' id='word_1_309' title='bbox 486 3723 616 3771; x_wconf 83' lang='lat' dir='ltr'><strong>saevitiam</strong></span> <span class='ocrx_word' id='word_1_310' title='bbox 629 3722 718 3786; x_wconf 87' lang='lat' dir='ltr'><strong>princi·</strong></span> 
     </span>
     <span class='ocr_line' id='line_1_38' title="bbox 163 3799 718 3868; baseline 0.009 -19"><span class='ocrx_word' id='word_1_311' title='bbox 163 3802 209 3864; x_wconf 88' lang='lat' dir='ltr'><strong>pis.</strong></span> <span class='ocrx_word' id='word_1_312' title='bbox 235 3799 443 3867; x_wconf 86' lang='lat' dir='ltr'><strong>Promptissimos</strong></span> <span class='ocrx_word' id='word_1_313' title='bbox 466 3805 528 3853; x_wconf 87' lang='lat' dir='ltr'><strong>adeo</strong></span> <span class='ocrx_word' id='word_1_314' title='bbox 546 3805 718 3868; x_wconf 85' lang='lat' dir='ltr'><strong>accipiendum</strong></span> 
     </span>
     <span class='ocr_line' id='line_1_39' title="bbox 164 3882 717 3949; baseline 0.005 -18"><span class='ocrx_word' id='word_1_315' title='bbox 164 3882 256 3946; x_wconf 89' lang='lat' dir='ltr'><strong>duplici</strong></span> <span class='ocrx_word' id='word_1_316' title='bbox 273 3884 468 3947; x_wconf 85' lang='lat' dir='ltr'><strong>significatione,</strong></span> <span class='ocrx_word' id='word_1_317' title='bbox 485 3900 591 3949; x_wconf 78' lang='lat' dir='ltr'><strong>querum</strong></span> <span class='ocrx_word' id='word_1_318' title='bbox 605 3892 717 3936; x_wconf 86' lang='lat' dir='ltr'><strong>nnatan·</strong></span> 
     </span>
     <span class='ocr_line' id='line_1_40' title="bbox 164 3967 718 4017; baseline 0.007 -5"><span class='ocrx_word' id='word_1_319' title='bbox 164 3969 218 4013; x_wconf 87' lang='lat' dir='ltr'><strong>tum</strong></span> <span class='ocrx_word' id='word_1_320' title='bbox 243 3967 381 4016; x_wconf 77' lang='lat' dir='ltr'><strong>sententiae</strong></span> <span class='ocrx_word' id='word_1_321' title='bbox 397 3967 446 4016; x_wconf 89' lang='lat' dir='ltr'><strong>loci</strong></span> <span class='ocrx_word' id='word_1_322' title='bbox 463 3968 587 4017; x_wconf 89' lang='lat' dir='ltr'><strong>convenit.</strong></span> <span class='ocrx_word' id='word_1_323' title='bbox 607 3967 718 4017; x_wconf 85' lang='lat' dir='ltr'><strong>Praeter·</strong></span> 
     </span>
     <span class='ocr_line' id='line_1_41' title="bbox 165 4045 717 4113; baseline 0.007 -19"><span class='ocrx_word' id='word_1_324' title='bbox 165 4059 195 4094; x_wconf 80' lang='lat' dir='ltr'><strong>es</strong></span> <span class='ocrx_word' id='word_1_325' title='bbox 227 4045 310 4096; x_wconf 81' lang='lat' dir='ltr'><strong>fucere</strong></span> <span class='ocrx_word' id='word_1_326' title='bbox 340 4063 392 4096; x_wconf 91' lang='lat' dir='ltr'><strong>non</strong></span> <span class='ocrx_word' id='word_1_327' title='bbox 421 4063 565 4112; x_wconf 87' lang='lat' dir='ltr'><strong>possumus,</strong></span> <span class='ocrx_word' id='word_1_328' title='bbox 599 4051 660 4113; x_wconf 88' lang='lat' dir='ltr'><strong>quin</strong></span> <span class='ocrx_word' id='word_1_329' title='bbox 691 4050 717 4097; x_wconf 92' lang='lat' dir='ltr'><strong>in</strong></span> 
     </span>
     <span class='ocr_line' id='line_1_42' title="bbox 162 4127 718 4193; baseline 0.007 -19"><span class='ocrx_word' id='word_1_330' title='bbox 162 4127 364 4192; x_wconf 85' lang='lat' dir='ltr'><strong>promptissimus</strong></span> <span class='ocrx_word' id='word_1_331' title='bbox 389 4130 492 4193; x_wconf 81' lang='lat' dir='ltr'><strong>quisque</strong></span> <span class='ocrx_word' id='word_1_332' title='bbox 515 4130 651 4192; x_wconf 84' lang='lat' dir='ltr'><strong>cogitemus</strong></span> <span class='ocrx_word' id='word_1_333' title='bbox 667 4143 718 4178; x_wconf 86' lang='lat' dir='ltr'><strong>ma·</strong></span> 
     </span>
     <span class='ocr_line' id='line_1_43' title="bbox 166 4209 718 4274; baseline 0.005 -17"><span class='ocrx_word' id='word_1_334' title='bbox 166 4209 244 4258; x_wconf 90' lang='lat' dir='ltr'><strong>iorem</strong></span> <span class='ocrx_word' id='word_1_335' title='bbox 269 4224 416 4270; x_wconf 90' lang='lat' dir='ltr'><strong>numerum,</strong></span> <span class='ocrx_word' id='word_1_336' title='bbox 441 4225 518 4274; x_wconf 81' lang='lat' dir='ltr'><strong>quem</strong></span> <span class='ocrx_word' id='word_1_337' title='bbox 540 4217 652 4274; x_wconf 83' lang='lat' dir='ltr'><strong>tempore</strong></span> <span class='ocrx_word' id='word_1_338' title='bbox 668 4211 718 4259; x_wconf 87' lang='lat' dir='ltr'><strong>Do·</strong></span> 
     </span>
     <span class='ocr_line' id='line_1_44' title="bbox 166 4290 718 4354; baseline 0.004 -16"><span class='ocrx_word' id='word_1_339' title='bbox 166 4290 277 4350; x_wconf 79' lang='lat' dir='ltr'><strong>mitiori,</strong></span> <span class='ocrx_word' id='word_1_340' title='bbox 308 4293 455 4354; x_wconf 85' lang='lat' dir='ltr'><strong>praesertim</strong></span> <span class='ocrx_word' id='word_1_341' title='bbox 481 4298 605 4350; x_wconf 85' lang='lat' dir='ltr'><strong>extremo,</strong></span> <span class='ocrx_word' id='word_1_342' title='bbox 632 4291 718 4340; x_wconf 87' lang='lat' dir='ltr'><strong>admit·</strong></span> 
     </span>
     <span class='ocr_line' id='line_1_45' title="bbox 167 4373 719 4436; baseline 0.005 -16"><span class='ocrx_word' id='word_1_343' title='bbox 167 4378 229 4420; x_wconf 89' lang='lat' dir='ltr'><strong>tunt.</strong></span> <span class='ocrx_word' id='word_1_344' title='bbox 257 4373 316 4435; x_wconf 87' lang='lat' dir='ltr'><strong>Ipsa</strong></span> <span class='ocrx_word' id='word_1_345' title='bbox 333 4373 437 4436; x_wconf 85' lang='lat' dir='ltr'><strong>scriptor</strong></span> <span class='ocrx_word' id='word_1_346' title='bbox 454 4375 504 4422; x_wconf 91' lang='lat' dir='ltr'><strong>duo</strong></span> <span class='ocrx_word' id='word_1_347' title='bbox 521 4379 618 4422; x_wconf 87' lang='lat' dir='ltr'><strong>tantum</strong></span> <span class='ocrx_word' id='word_1_348' title='bbox 636 4387 719 4423; x_wconf 84' lang='lat' dir='ltr'><strong>axam·</strong></span> 
     </span>
     <span class='ocr_line' id='line_1_46' title="bbox 167 4453 718 4515; baseline 0.009 -15"><span class='ocrx_word' id='word_1_349' title='bbox 167 4453 207 4515; x_wconf 88' lang='lat' dir='ltr'><strong>pla</strong></span> <span class='ocrx_word' id='word_1_350' title='bbox 223 4453 308 4514; x_wconf 85' lang='lat' dir='ltr'><strong>affert,</strong></span> <span class='ocrx_word' id='word_1_351' title='bbox 327 4453 422 4505; x_wconf 85' lang='lat' dir='ltr'><strong>Rustici</strong></span> <span class='ocrx_word' id='word_1_352' title='bbox 440 4461 463 4506; x_wconf 86' lang='lat' dir='ltr'><strong>et</strong></span> <span class='ocrx_word' id='word_1_353' title='bbox 482 4455 639 4513; x_wconf 84' lang='lat' dir='ltr'><strong>Senecionis;</strong></span> <span class='ocrx_word' id='word_1_354' title='bbox 658 4455 718 4506; x_wconf 88' lang='lat' dir='ltr'><strong>Sue·</strong></span> 
     </span>
    </p>
   </div>
   <div class='ocr_carea' id='block_1_5' title="bbox 761 3071 1316 4585">
    <p class='ocr_par' dir='ltr' id='par_1_6' title="bbox 761 3071 1316 4585">
     <span class='ocr_line' id='line_1_47' title="bbox 762 3071 1314 3132; baseline -0.005 -9"><span class='ocrx_word' id='word_1_355' title='bbox 762 3073 879 3132; x_wconf 85' lang='lat' dir='ltr'><strong>dixerim,</strong></span> <span class='ocrx_word' id='word_1_356' title='bbox 906 3071 1025 3122; x_wconf 84' lang='lat' dir='ltr'><strong>adversus</strong></span> <span class='ocrx_word' id='word_1_357' title='bbox 1057 3071 1166 3120; x_wconf 84' lang='lat' dir='ltr'><strong>Oceanus</strong></span> <span class='ocrx_word' id='word_1_358' title='bbox 1191 3071 1261 3120; x_wconf 86' lang='lat' dir='ltr'><strong>ruris</strong></span> <span class='ocrx_word' id='word_1_359' title='bbox 1283 3073 1314 3120; x_wconf 88' lang='lat' dir='ltr'><strong>ab</strong></span> 
     </span>
     <span class='ocr_line' id='line_1_48' title="bbox 762 3149 1316 3214; baseline 0 -11"><span class='ocrx_word' id='word_1_360' title='bbox 762 3155 819 3203; x_wconf 87' lang='lat' dir='ltr'><strong>orbe</strong></span> <span class='ocrx_word' id='word_1_361' title='bbox 843 3162 925 3202; x_wconf 87' lang='lat' dir='ltr'><strong>nostro</strong></span> <span class='ocrx_word' id='word_1_362' title='bbox 951 3153 1053 3202; x_wconf 83' lang='lat' dir='ltr'><strong>novibus</strong></span> <span class='ocrx_word' id='word_1_363' title='bbox 1077 3149 1179 3201; x_wconf 82' lang='lat' dir='ltr'><strong>editur.-</strong></span> <span class='ocrx_word' id='word_1_364' title='bbox 1205 3167 1273 3214; x_wconf 93' lang='lat' dir='ltr'><strong>non,</strong></span> <span class='ocrx_word' id='word_1_365' title='bbox 1292 3163 1316 3203; x_wconf 87' lang='lat' dir='ltr'><strong>et</strong></span> 
     </span>
     <span class='ocr_line' id='line_1_49' title="bbox 768 3234 1316 3300; baseline 0.002 -15"><span class='ocrx_word' id='word_1_366' title='bbox 768 3235 806 3285; x_wconf 86' lang='lat' dir='ltr'><strong>uti</strong></span> <span class='ocrx_word' id='word_1_367' title='bbox 830 3234 942 3294; x_wconf 85' lang='lat' dir='ltr'><strong>dixerim,</strong></span> <span class='ocrx_word' id='word_1_368' title='bbox 968 3235 1108 3294; x_wconf 84' lang='lat' dir='ltr'><strong>immensus,</strong></span> <span class='ocrx_word' id='word_1_369' title='bbox 1134 3235 1161 3284; x_wconf 90' lang='lat' dir='ltr'><strong>in</strong></span> <span class='ocrx_word' id='word_1_370' title='bbox 1184 3251 1234 3300; x_wconf 92' lang='lat' dir='ltr'><strong>quo</strong></span> <span class='ocrx_word' id='word_1_371' title='bbox 1251 3237 1316 3286; x_wconf 91' lang='lat' dir='ltr'><strong>nihil</strong></span> 
     </span>
     <span class='ocr_line' id='line_1_50' title="bbox 762 3317 1314 3383; baseline 0.002 -16"><span class='ocrx_word' id='word_1_372' title='bbox 762 3319 884 3368; x_wconf 88' lang='lat' dir='ltr'><strong>reconditi</strong></span> <span class='ocrx_word' id='word_1_373' title='bbox 907 3325 951 3368; x_wconf 86' lang='lat' dir='ltr'><strong>est.</strong></span> <span class='ocrx_word' id='word_1_374' title='bbox 987 3317 1083 3367; x_wconf 80' lang='lat' dir='ltr'><strong>Annal.</strong></span> <span class='ocrx_word' id='word_1_375' title='bbox 1102 3317 1181 3366; x_wconf 88' lang='lat' dir='ltr'>XIV.</span> <span class='ocrx_word' id='word_1_376' title='bbox 1200 3323 1240 3367; x_wconf 86' lang='grc'><strong>53.</strong></span> <span class='ocrx_word' id='word_1_377' title='bbox 1259 3317 1314 3383; x_wconf 76' lang='lat' dir='ltr'><strong>Epo</strong></span> 
     </span>
     <span class='ocr_line' id='line_1_51' title="bbox 764 3397 1315 3464; baseline -0.005 -14"><span class='ocrx_word' id='word_1_378' title='bbox 764 3400 825 3464; x_wconf 85' lang='lat' dir='ltr'><strong>qnid</strong></span> <span class='ocrx_word' id='word_1_379' title='bbox 839 3399 912 3449; x_wconf 85' lang='lat' dir='ltr'><strong>aliud</strong></span> <span class='ocrx_word' id='word_1_380' title='bbox 926 3397 1107 3460; x_wconf 84' lang='lat' dir='ltr'><strong>munificentiae</strong></span> <span class='ocrx_word' id='word_1_381' title='bbox 1124 3405 1182 3446; x_wconf 84' lang='lat' dir='ltr'><strong>tuae</strong></span> <span class='ocrx_word' id='word_1_382' title='bbox 1198 3397 1315 3447; x_wconf 85' lang='lat' dir='ltr'><strong>adbibere</strong></span> 
     </span>
     <span class='ocr_line' id='line_1_52' title="bbox 761 3477 1314 3546; baseline -0.007 -15"><span class='ocrx_word' id='word_1_383' title='bbox 761 3482 845 3546; x_wconf 84' lang='lat' dir='ltr'><strong>potui,</strong></span> <span class='ocrx_word' id='word_1_384' title='bbox 865 3497 937 3546; x_wconf 84' lang='lat' dir='ltr'><strong>quern</strong></span> <span class='ocrx_word' id='word_1_385' title='bbox 954 3477 1051 3535; x_wconf 85' lang='lat' dir='ltr'><strong>studia,</strong></span> <span class='ocrx_word' id='word_1_386' title='bbox 1071 3485 1098 3524; x_wconf 86' lang='lat' dir='ltr'><strong>ut</strong></span> <span class='ocrx_word' id='word_1_387' title='bbox 1115 3477 1314 3538; x_wconf 84' lang='lat' dir='ltr'><strong>sicdixerim,in</strong></span> 
     </span>
     <span class='ocr_line' id='line_1_53' title="bbox 763 3557 1313 3610; baseline -0.004 0"><span class='ocrx_word' id='word_1_388' title='bbox 763 3562 848 3610; x_wconf 85' lang='lat' dir='ltr'><strong>umbro</strong></span> <span class='ocrx_word' id='word_1_389' title='bbox 865 3561 978 3609; x_wconf 80' lang='lat' dir='ltr'><strong>educato.</strong></span> <span class='ocrx_word' id='word_1_390' title='bbox 996 3559 1086 3607; x_wconf 84' lang='lat' dir='ltr'><strong>Livius</strong></span> <span class='ocrx_word' id='word_1_391' title='bbox 1098 3557 1125 3606; x_wconf 92' lang='lat' dir='ltr'><strong>in</strong></span> <span class='ocrx_word' id='word_1_392' title='bbox 1135 3557 1313 3609; x_wconf 80' lang='lat' dir='ltr'><strong>Praefatione:</strong></span> 
     </span>
     <span class='ocr_line' id='line_1_54' title="bbox 764 3640 1313 3710; baseline 0.005 -19"><span class='ocrx_word' id='word_1_393' title='bbox 764 3643 858 3691; x_wconf 88' lang='lat' dir='ltr'><strong>labente</strong></span> <span class='ocrx_word' id='word_1_394' title='bbox 890 3640 978 3690; x_wconf 84' lang='lat' dir='ltr'><strong>deinde</strong></span> <span class='ocrx_word' id='word_1_395' title='bbox 1004 3641 1130 3708; x_wconf 81' lang='lat' dir='ltr'><strong>paulatim</strong></span> <span class='ocrx_word' id='word_1_396' title='bbox 1161 3643 1313 3710; x_wconf 83' lang='lat' dir='ltr'><strong>disciplina,</strong></span> 
     </span>
     <span class='ocr_line' id='line_1_55' title="bbox 763 3721 1315 3788; baseline 0.007 -18"><span class='ocrx_word' id='word_1_397' title='bbox 763 3723 829 3773; x_wconf 84' lang='lat' dir='ltr'><strong>velut</strong></span> <span class='ocrx_word' id='word_1_398' title='bbox 869 3721 1007 3772; x_wconf 85' lang='lat' dir='ltr'><strong>desidentes</strong></span> <span class='ocrx_word' id='word_1_399' title='bbox 1045 3725 1127 3788; x_wconf 87' lang='lat' dir='ltr'><strong>primo</strong></span> <span class='ocrx_word' id='word_1_400' title='bbox 1169 3741 1247 3774; x_wconf 88' lang='lat' dir='ltr'><strong>mores</strong></span> <span class='ocrx_word' id='word_1_401' title='bbox 1280 3741 1315 3775; x_wconf 87' lang='lat' dir='ltr'><strong>se-</strong></span> 
     </span>
     <span class='ocr_line' id='line_1_56' title="bbox 764 3804 1313 3868; baseline 0.009 -16"><span class='ocrx_word' id='word_1_402' title='bbox 764 3811 855 3868; x_wconf 81' lang='lat' dir='ltr'><strong>quatur</strong></span> <span class='ocrx_word' id='word_1_403' title='bbox 881 3804 974 3864; x_wconf 87' lang='lat' dir='ltr'><strong>enimc,</strong></span> <span class='ocrx_word' id='word_1_404' title='bbox 1000 3821 1052 3855; x_wconf 90' lang='lat' dir='ltr'><strong>non</strong></span> <span class='ocrx_word' id='word_1_405' title='bbox 1078 3805 1165 3856; x_wconf 89' lang='lat' dir='ltr'><strong>deinde</strong></span> <span class='ocrx_word' id='word_1_406' title='bbox 1189 3808 1256 3857; x_wconf 82' lang='lat' dir='ltr'><strong>velut</strong></span> <span class='ocrx_word' id='word_1_407' title='bbox 1279 3807 1313 3857; x_wconf 83' lang='lat' dir='ltr'><strong>io·</strong></span> 
     </span>
     <span class='ocr_line' id='line_1_57' title="bbox 764 3885 1315 3952; baseline 0.004 -18"><span class='ocrx_word' id='word_1_408' title='bbox 764 3887 831 3934; x_wconf 88' lang='lat' dir='ltr'><strong>bente</strong></span> <span class='ocrx_word' id='word_1_409' title='bbox 845 3885 969 3950; x_wconf 77' lang='lat' dir='ltr'><strong>paulatim</strong></span> <span class='ocrx_word' id='word_1_410' title='bbox 986 3885 1128 3952; x_wconf 82' lang='lat' dir='ltr'><strong>disciplina.</strong></span> <span class='ocrx_word' id='word_1_411' title='bbox 1150 3887 1315 3937; x_wconf 86' lang='lat' dir='ltr'><strong>Labenteusi·</strong></span> 
     </span>
     <span class='ocr_line' id='line_1_58' title="bbox 764 3967 1314 4028; baseline 0.004 -12"><span class='ocrx_word' id='word_1_412' title='bbox 764 3975 857 4028; x_wconf 82' lang='lat' dir='ltr'><strong>tetum,</strong></span> <span class='ocrx_word' id='word_1_413' title='bbox 894 3983 976 4017; x_wconf 84' lang='lat' dir='ltr'><strong>mores</strong></span> <span class='ocrx_word' id='word_1_414' title='bbox 1014 3967 1151 4018; x_wconf 85' lang='lat' dir='ltr'><strong>desidentes</strong></span> <span class='ocrx_word' id='word_1_415' title='bbox 1184 3971 1314 4018; x_wconf 70' lang='lat' dir='ltr'><strong>audacius:</strong></span> 
     </span>
     <span class='ocr_line' id='line_1_59' title="bbox 764 4048 1315 4115; baseline -0.002 -16"><span class='ocrx_word' id='word_1_416' title='bbox 764 4057 865 4100; x_wconf 84' lang='lat' dir='ltr'><strong>excusat</strong></span> <span class='ocrx_word' id='word_1_417' title='bbox 882 4048 1021 4114; x_wconf 83' lang='lat' dir='ltr'><strong>pervelat,</strong></span> <span class='ocrx_word' id='word_1_418' title='bbox 1040 4051 1178 4113; x_wconf 79' lang='lat' dir='ltr'><strong>elegantius</strong></span> <span class='ocrx_word' id='word_1_419' title='bbox 1194 4065 1270 4115; x_wconf 87' lang='lat' dir='ltr'><strong>quam</strong></span> <span class='ocrx_word' id='word_1_420' title='bbox 1288 4059 1315 4098; x_wconf 87' lang='lat' dir='ltr'><strong>ut</strong></span> 
     </span>
     <span class='ocr_line' id='line_1_60' title="bbox 764 4129 1316 4195; baseline 0.004 -15"><span class='ocrx_word' id='word_1_421' title='bbox 764 4132 813 4191; x_wconf 86' lang='lat' dir='ltr'><strong>ita,</strong></span> <span class='ocrx_word' id='word_1_422' title='bbox 838 4141 866 4181; x_wconf 85' lang='lat' dir='ltr'><strong>nt</strong></span> <span class='ocrx_word' id='word_1_423' title='bbox 891 4132 927 4180; x_wconf 85' lang='lat' dir='ltr'><strong>sic</strong></span> <span class='ocrx_word' id='word_1_424' title='bbox 952 4129 1068 4191; x_wconf 83' lang='lat' dir='ltr'><strong>dixerim,</strong></span> <span class='ocrx_word' id='word_1_425' title='bbox 1094 4132 1133 4179; x_wconf 88' lang='lat' dir='ltr'><strong>vel</strong></span> <span class='ocrx_word' id='word_1_426' title='bbox 1158 4131 1218 4195; x_wconf 78' lang='lat' dir='ltr'><strong>quie</strong></span> <span class='ocrx_word' id='word_1_427' title='bbox 1241 4132 1267 4180; x_wconf 93' lang='lat' dir='ltr'><strong>in</strong></span> <span class='ocrx_word' id='word_1_428' title='bbox 1286 4145 1316 4182; x_wconf 88' lang='lat' dir='ltr'><strong>eo</strong></span> 
     </span>
     <span class='ocr_line' id='line_1_61' title="bbox 764 4212 1315 4263; baseline 0.004 -2"><span class='ocrx_word' id='word_1_429' title='bbox 764 4213 843 4262; x_wconf 79' lang='lat' dir='ltr'><strong>maior</strong></span> <span class='ocrx_word' id='word_1_430' title='bbox 869 4213 1001 4261; x_wconf 86' lang='lat' dir='ltr'><strong>necessitas</strong></span> <span class='ocrx_word' id='word_1_431' title='bbox 1026 4212 1165 4261; x_wconf 88' lang='lat' dir='ltr'><strong>eommunis</strong></span> <span class='ocrx_word' id='word_1_432' title='bbox 1189 4225 1249 4262; x_wconf 85' lang='lat' dir='ltr'><strong>usus</strong></span> <span class='ocrx_word' id='word_1_433' title='bbox 1274 4213 1315 4263; x_wconf 86' lang='lat' dir='ltr'><strong>ds-</strong></span> 
     </span>
     <span class='ocr_line' id='line_1_62' title="bbox 764 4292 1316 4343; baseline 0.004 -1"><span class='ocrx_word' id='word_1_434' title='bbox 764 4294 862 4342; x_wconf 86' lang='lat' dir='ltr'><strong>serendi</strong></span> <span class='ocrx_word' id='word_1_435' title='bbox 885 4293 1001 4342; x_wconf 88' lang='lat' dir='ltr'><strong>cernitur.</strong></span> <span class='ocrx_word' id='word_1_436' title='bbox 1029 4295 1067 4342; x_wconf 80' lang='lat' dir='ltr'><strong>Eo</strong></span> <span class='ocrx_word' id='word_1_437' title='bbox 1089 4298 1172 4341; x_wconf 86' lang='lat' dir='ltr'><strong>autem</strong></span> <span class='ocrx_word' id='word_1_438' title='bbox 1196 4292 1238 4342; x_wconf 92' lang='lat' dir='ltr'><strong>hic</strong></span> <span class='ocrx_word' id='word_1_439' title='bbox 1263 4302 1316 4343; x_wconf 82' lang='lat' dir='ltr'><strong>eret</strong></span> 
     </span>
     <span class='ocr_line' id='line_1_63' title="bbox 765 4374 1313 4437; baseline 0.004 -14"><span class='ocrx_word' id='word_1_440' title='bbox 765 4375 847 4433; x_wconf 86' lang='lat' dir='ltr'><strong>nulle,</strong></span> <span class='ocrx_word' id='word_1_441' title='bbox 873 4374 937 4423; x_wconf 90' lang='lat' dir='ltr'><strong>nihil</strong></span> <span class='ocrx_word' id='word_1_442' title='bbox 961 4379 990 4422; x_wconf 89' lang='lat' dir='ltr'><strong>ut</strong></span> <span class='ocrx_word' id='word_1_443' title='bbox 1014 4379 1152 4437; x_wconf 77' lang='lat' dir='ltr'><strong>captaretur</strong></span> <span class='ocrx_word' id='word_1_444' title='bbox 1177 4382 1248 4425; x_wconf 81' lang='lat' dir='ltr'><strong>acute</strong></span> <span class='ocrx_word' id='word_1_445' title='bbox 1265 4377 1313 4425; x_wconf 89' lang='lat' dir='ltr'><strong>dic·</strong></span> 
     </span>
     <span class='ocr_line' id='line_1_64' title="bbox 765 4453 1314 4520; baseline 0.002 -15"><span class='ocrx_word' id='word_1_446' title='bbox 765 4461 826 4505; x_wconf 91' lang='lat' dir='ltr'><strong>tum.</strong></span> <span class='ocrx_word' id='word_1_447' title='bbox 854 4455 936 4506; x_wconf 85' lang='lat' dir='ltr'><strong>Locus</strong></span> <span class='ocrx_word' id='word_1_448' title='bbox 963 4469 995 4504; x_wconf 87' lang='lat' dir='ltr'><strong>ex</strong></span> <span class='ocrx_word' id='word_1_449' title='bbox 1013 4453 1149 4506; x_wconf 83' lang='lat' dir='ltr'><strong>Germanis</strong></span> <span class='ocrx_word' id='word_1_450' title='bbox 1166 4471 1239 4520; x_wconf 82' lang='lat' dir='ltr'><strong>supra</strong></span> <span class='ocrx_word' id='word_1_451' title='bbox 1255 4459 1314 4506; x_wconf 81' lang='lat' dir='ltr'><strong>ells-</strong></span> 
     </span>
     <span class='ocr_line' id='line_1_65' title="bbox 1199 4544 1214 4585; baseline 0 0"><span class='ocrx_word' id='word_1_452' title='bbox 1199 4544 1214 4585; x_wconf 85' lang='lat'><strong>3</strong></span> 
     </span>
    </p>
   </div>
   <div class='ocr_carea' id='block_1_6' title="bbox 0 0 1580 5310">
    <p class='ocr_par' dir='ltr' id='par_1_7' title="bbox 0 0 1580 5310">
     <span class='ocr_line' id='line_1_66' title="bbox 0 0 1580 5310; baseline 0 0"><span class='ocrx_word' id='word_1_453' title='bbox 0 0 1580 5310; x_wconf 95' lang='lat' dir='ltr'><strong> </strong></span> 
     </span>
    </p>
   </div>
  </div>
 </body>
</html>
