3130 5308
232 529 274 590 78
668 536 823 584 contrurr
847 535 955 583 rsorrs

232 709 370 776 Maximo
411 707 606 798 provinciam
643 703 786 772 tradidit.
846 703 1023 770 Trebellius
1058 705 1182 794 segnior
1213 719 1245 773 et
1278 708 1381 774 nullis

232 827 405 881 castrorum
439 810 660 902 experimentis
689 812 838 877 comitate
862 809 1000 900 quadum
1023 808 1156 875 curandi
1178 813 1379 901 provinciam

230 921 344 988 tenuit.
391 918 538 986 Didicere
574 917 637 982 iem
672 915 800 982 barbari
835 937 963 1006 quoque
994 918 1156 1005 ignoscere
1178 918 1261 985 uitiis
1284 919 1379 985 blen-

230 1147 257 1196 in
282 1144 479 1209 exemplaribus,
503 1146 572 1196 unde
593 1143 631 1195 illi
652 1144 777 1208 descripti.
824 1157 886 1192 mox
901 1156 947 1206 pro
962 1142 1033 1194 uitiis
1047 1145 1185 1208 legendum
1199 1143 1309 1194 suadebo
1327 1158 1379 1194 eor·

230 1224 386 1291 Compendie
401 1226 450 1276 iste
464 1227 592 1278 interdum
603 1227 778 1291 relinquebun·
823 1222 917 1272 uitium.

229 1314 282 1367 tur,
307 1307 433 1357 interdum
448 1309 515 1358 mule
532 1309 733 1372 explicabantur,
749 1313 778 1355 ut
858 1301 990 1369 Ipnoecere
1011 1305 1083 1356 uitiis
1097 1305 1286 1356 butudicstibus.
1321 1305 1377 1369 Qui

228 1403 291 1439 mox
314 1395 375 1452 puto
399 1389 485 1438 mittur
501 1391 567 1438 mele
582 1389 724 1452 suppletum
740 1393 778 1437 est
823 1385 884 1434 alios
901 1399 960 1435 suae
975 1387 1100 1438 voluntati
1116 1395 1141 1438 et
1157 1387 1377 1438 erbitrioenbinn·

228 1483 273 1534 per
296 1469 385 1518 merus
408 1469 503 1534 ipitur,
520 1484 565 1533 pro
581 1468 696 1518 mittitur.
712 1469 777 1516 Peu·
822 1481 881 1530 gere
905 1468 1022 1531 cupiunt,
1046 1483 1119 1534 seepe
1144 1470 1253 1535 menime
1268 1471 1378 1520 artensi

227 1551 296 1600 linus
316 1564 388 1599 mem
403 1556 429 1600 et
446 1550 569 1600 exercitus
584 1550 703 1600 iniuriam
718 1563 776 1598 cou-
822 1555 894 1608 sunt,
924 1555 953 1597 ut
977 1548 1155 1598 blandimentis
1179 1550 1299 1600 uitiorum
1323 1565 1378 1600 ocr-

227 1632 360 1696 iungebat,
384 1632 445 1695 quie
468 1631 504 1680 sic
519 1630 620 1694 proprio
636 1631 717 1680 dolori
732 1631 776 1680 bo·
821 1635 973 1694 rumperent
1008 1630 1134 1694 Exempla
1157 1630 1315 1696 singulorum
1331 1631 1377 1681 ho·

227 1713 322 1764 nestius
338 1712 469 1776 indulgere
484 1718 589 1776 poteret.
606 1711 777 1777 Iniuria‚que
821 1711 920 1760 minum
937 1710 973 1760 ita
988 1705 1173 1776 corruptorum,
1185 1713 1340 1776 qualeestv.
1350 1726 1375 1763 c.

227 1795 260 1843 ed
283 1794 422 1844 vindictam
446 1793 610 1853 innitebatur,
627 1797 692 1852 erat,
708 1793 777 1856 quod
822 1791 886 1840 illud
909 1790 1041 1854 Dionysii,
1065 1794 1110 1856 qni
1132 1793 1215 1842 filium
1231 1792 1323 1843 Dionis
1339 1793 1377 1843 sic

226 1874 346 1924 Britnuni
370 1873 526 1936 defecerant,
551 1880 626 1939 utque
642 1873 777 1937 impedive-
823 1872 923 1922 moueri
946 1872 1031 1933 iussit,
1048 1881 1077 1923 nt
1093 1874 1249 1938 indulgendo
1263 1874 1376 1938 turpissi-

225 1962 295 2017 reut,
319 1957 454 2020 quominus
472 1956 579 2006 Monam
594 1956 734 2019 subigeret,
751 1963 777 2006 et
822 1954 870 2002 rnis
891 1952 1067 2017 cupiditatibus
1082 1955 1246 2016 imbueretur,
1265 1960 1374 2020 praeter-

224 2051 310 2087 rursus
326 2051 436 2101 pugnam
454 2038 562 2102 experiri
575 2044 716 2101 coegerunt.
734 2038 777 2087 Ira
822 2049 861 2084 eo.
902 2034 943 2084 De
972 2035 1032 2084 totis
1055 2035 1200 2086 ustionibus
1223 2037 1324 2101 loquor,
1342 2043 1374 2086 ut

226 2124 279 2168 eret
303 2119 404 2168 intuma.
436 2119 505 2169 Nem
529 2120 582 2183 ipse
606 2120 777 2184 imprudenter
822 2132 846 2166 v.
863 2131 885 2166 c.
912 2114 994 2180 Cyrus
1016 2115 1103 2180 Lydos
1117 2118 1268 2168 rebellantes
1283 2124 1373 2168 neoto

225 2206 297 2263 terge
328 2199 453 2248 oomsioni
484 2199 645 2261 praebuerat,
676 2204 778 2264 eretque
822 2199 1288 2263 vit,queegens‚utnerret1nstin.
1306 2200 1330 2248 1.
1350 2203 1373 2250 7.

225 2295 313 2332 cenem
319 2280 471 2330 rebellionis.
489 2277 542 2328 Sed
549 2294 600 2343 quo
608 2280 645 2330 ire
652 2280 776 2338 iniustior,
822 2278 948 2330 industria
964 2277 1083 2344 quondm
1096 2289 1187 2346 potens
1197 2289 1223 2330 st
1230 2296 1301 2330 runnu
1308 2289 1373 2330 etre-

227 2360 646 2426 soplemmqueessvehementior.
661 2360 777 2424 Denique
823 2361 885 2420 auis,
910 2361 1056 2426 effeminato
1079 2361 1182 2411 mollitie
1207 2361 1371 2424 luxuriaque,

225 2441 402 2509 legebemdt't
409 2441 508 2492 delictis
516 2441 620 2491 testim
629 2457 711 2490 nouus.
718 2442 777 2490 Mit·
822 2441 937 2491 uirustem
956 2440 1091 2506 pristinem
1107 2441 1234 2506 perdidit,
1250 2449 1289 2502 et,
1309 2457 1372 2506 quos

228 2526 289 2576 titur
306 2524 440 2575 Petronius
458 2524 632 2587 ¹Iturpiliunus,
650 2531 778 2588 tamquam
824 2531 882 2572 oute
913 2519 1002 2589 Ouum
1025 2523 1129 2572 istoictos
1152 2522 1217 2574 bellu
1238 2523 1373 2589 praesun-

229 2607 388 2656 exorabilior.
399 2607 432 2654 Et
440 2619 528 2654 revers
536 2611 635 2664 erut,et
644 2617 697 2653 esse
705 2603 778 2654 facile
824 2612 895 2663 runt,
911 2603 938 2654 in
954 2602 1076 2652 laturiam
1093 2602 1178 2669 lapsos
1194 2604 1269 2654 otium
1285 2619 1317 2654 oc
1331 2603 1372 2654 de·

228 2687 420 2753 poteret‚qnie,
437 2686 779 2749 quodhosteepeecavereut,
824 2682 892 2733 sidia
923 2684 1059 2749 euperuos't.
1085 2684 1195 2736 Romeni
1219 2687 1294 2736 telem
1319 2686 1373 2736 vim

227 2784 280 2822 uon
288 2767 492 2833 ipelpeeceesent,
498 2768 543 2817 sed
549 2763 781 2829 Peulinth'tseepe
824 2766 1052 2816 blandimentorum
1068 2781 1120 2816 non
1137 2768 1294 2832 ignonbers.
1304 2766 1373 2818 Scie-

228 2865 322 2902 notsm
329 2848 480 2900 molentium
494 2848 605 2908 orditur,
619 2862 669 2912 que
676 2847 779 2911 quidex
825 2848 886 2897 bont
909 2860 963 2898 esse
982 2845 1158 2896 oblectamenta
1173 2855 1198 2897 et
1214 2848 1306 2898 solatio
1322 2863 1373 2898 serr·

228 2932 386 2984 entecedenti
400 2932 575 2989 confirmatum
591 2935 620 2978 nt
628 2943 681 2992 cap.
693 2933 732 2978 10.
742 2925 779 2978 Et
823 2925 923 2988 citetis,
947 2933 978 2977 ut
1003 2927 1092 2979 Cicero
1116 2928 1143 2977 in
1167 2929 1244 2980 Ver-r.
1262 2930 1311 2980 IV.
1331 2933 1372 2981 to.

229 3021 267 3065 est
296 3030 328 3064 eo
346 3012 512 3080 1χίιιίεειιιιιί
535 3012 608 3077 plure
623 3011 778 3074 interpretes.
823 3015 896 3066 vocet
910 3015 1070 3070 ornaments,
1087 3009 1190 3060 Graecis
1205 3011 1305 3075 publice
1320 3025 1372 3062 non

229 3095 344 3146 Krituius
356 3109 468 3161 quoque,
485 3092 777 3158 utego‚lr.l.distinxlt.
824 3098 920 3155 erepta,
944 3097 974 3140 ut
989 3091 1135 3142 servitutem
1150 3092 1318 3155 oblecterent,
1334 3105 1373 3144 so·

267 3175 387 3226 comitate
399 3176 507 3239 wadum
514 3175 620 3226 curandi
624 3174 779 3240 prouinciam
823 3173 946 3231 luuntur,
963 3174 1031 3237 qnod
1047 3172 1137 3224 Graeci
1153 3175 1373 3242 appellentuupu·

230 3255 316 3308 tenuit.
356 3253 445 3304 Tenuit
469 3256 624 3320 provincieur
639 3255 667 3304 in
683 3253 777 3312 officio,
823 3255 984 3314 μυθεῖσθαι
1000 3255 1051 3319 τὴν
1069 3253 1211 3304 δουλείαν.
1229 3255 1287 3319 Ipse
1295 3255 1372 3319 Agri·

229 3337 289 3404 quie
309 3337 423 3386 utebatur
439 3337 556 3387 ocuritete
572 3337 598 3386 in
614 3350 643 3387 re
657 3336 775 3384 emenda
822 3337 878 3386 cole
901 3351 953 3386 uon
978 3337 1070 3386 fruere
1093 3338 1120 3386 in
1146 3337 1276 3386 Britennis
1292 3343 1373 3387 tente-

234 3417 330 3469 Ourure
353 3419 465 3468 obsolute
489 3433 535 3482 pro
557 3433 610 3467 rem
634 3431 724 3466 curare
740 3421 778 3466 est
822 3418 872 3477 vit,
896 3412 1060 3482 hominesque
1086 3417 1214 3484 dispersos
1230 3434 1260 3468 uc
1275 3417 1371 3479 rudes,

229 3502 346 3566 entiquee
361 3501 555 3552 consuetudinis.
573 3497 648 3550 Conf.
663 3497 776 3549 Gronov.
823 3513 898 3563 eoque
921 3499 948 3549 in
973 3499 1038 3549 bello
1054 3499 1167 3565 sosius,
1185 3499 1263 3564 quieti
1278 3507 1303 3550 et
1319 3500 1372 3550 otio

230 3583 301 3632 Lect.
319 3582 431 3631 Pleutin.
448 3597 473 3645 p.
493 3587 548 3631 101.
819 3596 868 3646 per
883 3580 1024 3647 voluptates
1040 3580 1186 3647 oewsseeit.
1205 3581 1250 3631 Sic
1257 3581 1294 3631 nti
1302 3582 1372 3645 paul·

261 3659 384 3710 Didicers
408 3660 458 3708 iam
481 3661 584 3710 barbari
609 3677 712 3726 puroque.
729 3661 777 3710 Te·
822 3663 893 3712 letim
917 3661 1081 3712 decesserunt
1105 3661 1141 3711 ad
1160 3661 1320 3712 delenimenta
1336 3663 1372 3712 ui·

228 3743 304 3801 citus,
334 3739 444 3790 scribens
473 3741 524 3790 iare
552 3757 660 3805 quoque,
684 3743 777 3805 cogitet
823 3744 918 3792 domm.
943 3743 1047 3794 Tacitus
1070 3758 1105 3793 ne
1128 3745 1155 3793 in
1181 3743 1302 3808 Agricola
1317 3745 1370 3808 qui·

229 3824 304 3885 elios,
320 3823 364 3888 qui
380 3822 449 3871 idern
465 3828 539 3871 sntea
554 3821 707 3882 didicerant,
725 3837 776 3872 eos·
822 3825 881 3873 dem
899 3838 946 3888 cup
962 3829 992 3873 21
1010 3824 1092 3874 fecere
1108 3825 1201 3888 potuit,
1219 3825 1281 3890 quin
1297 3825 1371 3875 edde-

228 3919 277 3970 que
293 3920 345 3954 non
362 3905 487 3954 bubuco.
506 3902 777 3967 Cogitet,puto‚ipsos
821 3911 871 3954 ret:
896 3904 971 3969 idque
995 3904 1066 3971 opud
1088 3905 1216 3972 imperitos
1232 3904 1371 3956 tumentes

228 3988 368 4046 Romanos,
385 4000 448 4051 quos
464 3985 595 4049 Angustus
611 3985 715 4049 pellexit
729 3985 776 4036 cle·
821 3986 968 4046 oscalutur,
985 4001 1057 4050 quum
1070 4003 1136 4052 pars
1152 3986 1280 4036 servitutis
1298 3993 1369 4036 esset.

227 4070 336 4120 mentise
353 4073 378 4117 et
393 4067 517 4117 comiutis
533 4079 643 4126 memor,
658 4066 777 4132 omnique
821 4069 895 4118 Adeo
911 4083 963 4118 non
978 4069 1103 4119 leudabet.
1122 4071 1154 4118 In
1172 4069 1241 4118 Hist.
1259 4068 1369 4118 1v.es.

226 4153 302 4201 modo
318 4151 400 4210 nisus,
417 4162 540 4214 nequem
557 4150 617 4199 novi
629 4155 775 4213 stetuspoe
820 4151 932 4214 legatum
956 4150 1153 4201 Tenchterornm
1169 4149 1229 4200 fecit
1245 4149 1370 4199 dicentem

226 4234 325 4284 niteret.
360 4233 402 4281 Ite
422 4229 531 4281 Romeni
547 4231 667 4282 libertatis
683 4231 776 4280 sensIm
823 4231 1062 4294 Agrippinensibne:
1089 4229 1212 4280 Instituta
1233 4229 1370 4293 cultumque

227 4312 776 4377 obliti,etssrvirioesfuetsetipetienterten-
818 4311 931 4377 petrium
953 4312 1082 4373 resumite,
1106 4311 1221 4377 abruptis
1236 4310 1370 4376 voluptati·

227 4397 318 4445 demet
331 4397 504 4458 nequeenimc
516 4395 775 4453 tulerunt,utebnno
822 4395 877 4452 bus,
895 4394 982 4458 quibus
998 4391 1106 4443 Romani
1118 4391 1368 4459 plusuduersuseub·

227 4477 338 4541 principe
362 4483 514 4538 regerentur.
541 4475 613 4526 Heec
633 4475 699 4533 dixi,
716 4477 776 4538 quie
821 4477 910 4535 tectos,
937 4491 1008 4539 prom
1026 4476 1101 4524 umis
1115 4475 1205 4526 volent.
1224 4473 1369 4524 lnGerms·

1534 818 1550 1050 l
