3134 5310
652 521 834 586 terream.
1274 517 1315 582 21

212 706 271 772 lV.
307 705 435 771 Gnaeus
464 705 563 771 lulius
596 704 766 792 Agricola,
800 716 904 769 vetere
928 703 1097 788 etlillustri
1120 702 1318 772 Foroiulien-

163 811 247 877 sium
279 810 405 876 eolonia
435 822 542 888 ortus,
576 823 749 898 utrumque
781 831 875 873 arum
904 820 1142 899 procuratorem
1176 805 1317 876 Caesaris

161 918 302 995 habuit,
337 939 418 1004 quae
447 916 599 1004 equestris
631 915 778 980 nobilitas
814 926 870 980 est.
907 914 999 978 Pater
1022 912 1121 980 lulius
1146 915 1318 981 Graecinus

165 1106 271 1170 iuncti
305 1102 443 1168 bominis
475 1104 565 1170 venia
602 1124 679 1191 opus
713 1101 796 1180 fuit,
819 1105 852 1168 ni
875 1115 1061 1168 excusarent
1083 1115 1147 1168 tam
1173 1123 1263 1168 saera
1286 1115 1318 1169 et

166 1211 283 1276 infesta
306 1208 475 1274 virtutibus
499 1222 652 1297 tempora.

214 1314 441 1392 Meminimus,
476 1336 575 1402 quum
610 1313 749 1378 bruleuo
781 1313 911 1378 Rustico
935 1312 1048 1379 Paetus
1074 1312 1229 1392 Thrasea,
1255 1313 1318 1380 lle·

167 1420 284 1485 nennio
317 1417 484 1485 Senecioni
517 1420 640 1484 Priscus
674 1417 836 1484 Helvidius
870 1417 989 1483 laudati
1024 1431 1145 1491 essent,
1183 1418 1317 1509 capitale

166 1524 284 1602 fuisse,
320 1547 424 1613 neque
460 1525 492 1589 in
515 1526 597 1614 ipsos
622 1522 718 1588 modo
742 1536 909 1600 auctores,
935 1523 1045 1590 sedin
1070 1523 1165 1588 libros
1189 1547 1316 1614 qnoque

166 1651 278 1696 eorum
318 1630 494 1708 saevitum;
534 1626 668 1717 expulsis
701 1628 830 1718 insuper
860 1629 1031 1718 sapientiae
1067 1629 1314 1721 professoribus,

166 1746 264 1822 atque
300 1734 387 1798 omni
411 1733 494 1799 bona
518 1747 585 1799 arte
608 1734 641 1798 in
664 1733 806 1800 exsilium
830 1745 916 1811 acta,
940 1735 1080 1823 nequid
1104 1758 1237 1824 usquam
1261 1735 1316 1802 bo·

164 1840 247 1904 nesti
279 1851 469 1905 occurreret.
518 1839 669 1904 Dedimus
704 1839 844 1928 prolecto
877 1839 995 1929 grande
1026 1842 1198 1930 patientiae
1221 1840 1316 1907 docu-

165 1957 334 2024 mentum;
369 1957 402 2010 et
434 1945 516 2010 sicut
549 1957 637 2010 retus
662 1957 746 2010 aetas
769 1944 864 2023 vidit,
891 1945 968 2034 quid
992 1946 1141 2010 ultimum
1165 1947 1198 2010 in
1221 1944 1315 2012 liber-

167 2063 231 2116 tate
262 2062 361 2128 esset,
395 2049 439 2114 ita
475 2073 552 2129 nos,
578 2049 654 2138 quid
678 2051 711 2114 in
735 2051 904 2128 servitute,
929 2051 1076 2140 adempto
1099 2073 1156 2141 per
1179 2051 1313 2139 inquisi-

167 2157 268 2221 tiones
291 2167 324 2220 et
348 2153 500 2242 loquendi
524 2154 736 2244 audiendique
761 2157 963 2222 commercio.
988 2155 1173 2222 Memoriam
1187 2179 1314 2246 quoque

165 2265 266 2352 ipsam
291 2281 365 2326 curn
388 2283 466 2326 roee
488 2260 742 2350 perdidissemus,
768 2262 793 2325 si
816 2274 880 2326 tarn
905 2262 1054 2326 innostra
1068 2273 1221 2352 potestate
1234 2276 1314 2330 esset

165 2365 310 2432 oblivisci
335 2388 431 2454 quam
456 2378 572 2432 tacere.

210 2471 307 2536 Nunc
338 2471 468 2536 demum
500 2470 582 2538 redit
613 2472 745 2536 animus.
776 2471 839 2538 Sed
863 2494 1057 2560 quamquam
1081 2471 1183 2561 primo
1207 2472 1312 2538 statim

164 2576 337 2642 beatissimi
381 2575 479 2642 seculi
514 2589 586 2640 ortu
623 2577 726 2642 Nerva
762 2575 876 2641 Caesar
911 2597 959 2641 res
994 2577 1069 2641 olim
1103 2576 1313 2643 dissociabiles

163 2682 342 2757 miscuerit,
374 2682 588 2772 principatum
613 2705 649 2748 ac
673 2681 874 2761 libertatem,
900 2695 1077 2772 augeatque
1102 2681 1243 2771 quotidie
1266 2682 1313 2749 le-

163 2787 319 2852 lieitatem
351 2799 531 2876 temporum
564 2787 668 2854 Nerva
701 2787 874 2866 Traianus;
907 2799 1020 2853 natura
1043 2799 1150 2854 tamen
1174 2787 1310 2852 infirmi·

163 2892 237 2956 tatis
271 2891 432 2956 humanae
468 2891 606 2957 tardiora
631 2904 704 2958 sunt
728 2892 866 2958 remedia
891 2915 986 2982 quam
1011 2892 1095 2957 mala
1108 2916 1117 2969 ;
1145 2891 1312 2981 studiaque

164 3010 200 3064 et·
226 2997 355 3086 ingenia
388 2999 576 3087 oppresseris
607 2997 730 3062 facilius
763 3020 858 3087 quam
881 2998 1083 3062 revocareris.
1109 2995 1182 3062 Non
1204 3008 1312 3062 tamen

163 3101 288 3190 pigebit
330 3103 513 3168 memoriam
551 3102 662 3192 prioris
698 3103 873 3182 servitutis,
909 3101 1125 3167 testimonium
1161 3122 1310 3190 praesen·

164 3207 247 3272 tium
284 3205 457 3284 bonorum,
495 3209 716 3297 composuisse.
752 3208 813 3273 Hic
844 3207 971 3274 interim
1003 3207 1084 3273 liber
1118 3207 1311 3297 professione

163 3311 292 3403 pietatis
317 3325 370 3376 aut
392 3313 538 3378 laudatus
562 3315 621 3379 erit
648 3327 702 3379 aut
725 3327 901 3382 excusatus.

198 3466 281 3517 Pater
299 3465 382 3518 lulius
402 3466 547 3519 Graecinus.
563 3471 595 3518 In
604 3486 656 3520 unu
665 3471 716 3520 Vn
765 3467 902 3520 Genesim
917 3497 992 3510 ψ-
1008 3469 1157 3532 interfectus
1173 3476 1224 3515 est:
1234 3475 1312 3515 muter

165 3550 207 3598 tic.
229 3558 308 3614 puter
326 3548 405 3608 Iulii,
422 3552 450 3599 in
467 3551 545 3600 altero
559 3559 637 3616 pater
655 3548 715 3600 Iuli.
762 3548 832 3600 Iulia
857 3549 987 3608 Procilla,
1013 3563 1090 3598 rurae
1115 3548 1251 3598 eastitatis.
1270 3548 1311 3597 Ibi

166 3632 319 3695 Interpretes
334 3638 402 3680 reete
418 3633 551 3682 eiecerunt.
561 3632 716 3681 Froelichius
756 3632 816 3696 fuit
840 3646 892 3680 non
918 3637 971 3680 erat
994 3631 1175 3690 necessarium,
1193 3631 1244 3679 imo
1261 3644 1311 3679 me·

165 3719 308 3776 corruptum
328 3714 454 3763 indicebat
471 3728 504 3763 ex
516 3714 583 3778 fuit.
602 3715 716 3763 Kritaius
761 3713 810 3762 lius
835 3713 998 3762 omitteretur.
1026 3713 1081 3762 Vix
1106 3713 1175 3762 enim
1199 3726 1312 3775 separare

165 3809 220 3844 eam
236 3797 407 3845 coniecurram
422 3797 496 3844 valde
512 3797 682 3856 commendat,
692 3802 717 3846 ct
761 3809 891 3859 possumus
902 3795 961 3859 fuit
977 3809 1053 3842 rarae
1070 3793 1204 3842 castitatis.
1223 3793 1310 3854 Quid?

164 3877 269 3940 recepit,
291 3878 351 3940 quia
366 3878 472 3926 verbum
488 3879 655 3927 necessarium
671 3883 716 3937 est,
762 3878 797 3936 si,
819 3883 848 3925 ut
864 3891 939 3940 supra
955 3874 1009 3925 Iuli
1026 3876 1139 3924 socordis
1154 3875 1311 3923 librariorum

164 3960 232 4021 quod
264 3959 414 4021 respondeat
446 3973 590 4021 praegresso
623 3958 716 4008 babuit.
762 3964 846 4006 ortum
870 3959 970 4007 videtur
995 3971 1028 4006 cx
1047 3956 1120 4020 fuit,
1146 3956 1182 4002 ita
1197 3954 1239 4002 hie
1259 3954 1311 4007 suu

166 4037 294 4098 Verbum,
311 4047 387 4102 puto,
404 4040 566 4090 desideratur.
586 4039 637 4090 Sed
653 4041 716 4089 mihi
762 4046 845 4088 ortum
870 4040 902 4088 sit
927 4053 960 4088 ex
979 4038 1088 4102 femina.
1124 4037 1210 4086 Verba
1235 4052 1312 4086 rurae

165 4137 217 4170 non
242 4108 428 4185 plaoetT'lruter
436 4121 497 4186 fuit
514 4119 596 4170 Iulius
616 4119 717 4170 Graeci·
763 4121 890 4170 castitatis
907 4135 975 4170 nuno
990 4120 1129 4168 orationem
1144 4119 1251 4168 reddunt
1260 4120 1311 4168 exi·

166 4217 211 4249 nus
228 4211 354 4250 -moter
372 4199 442 4251 Iulio
451 4200 568 4252 Procilla
571 4203 639 4267 suit.
657 4204 718 4252 For·
763 4203 863 4260 liorem,
881 4217 957 4266 quem
973 4216 1018 4264 pro
1034 4201 1079 4250 tali
1095 4200 1176 4248 leude.
1210 4199 1312 4260 Quanto

167 4288 231 4332 tasse
250 4284 310 4348 suit
326 4284 353 4332 in
373 4285 425 4333 fine
441 4284 579 4333 sententiae
595 4285 717 4348 positum,
764 4283 935 4332 numerosius:
953 4290 1031 4330 muter
1049 4279 1119 4329 Iulia
1133 4277 1311 4346 Procillu,sc·

168 4365 194 4412 in
218 4366 291 4416 initio
316 4365 467 4429 mgitstione
488 4367 651 4430 repetendum
667 4372 717 4416 est:
764 4364 829 4413 minu
846 4379 923 4412 rurae
939 4362 1074 4412 eastitatis.
1091 4362 1226 4412 utAnnsl.
1245 4363 1311 4414 XII.

168 4448 314 4497 concinnius
336 4455 432 4500 temen:
456 4456 533 4513 pater
552 4448 613 4513 fuit
637 4445 719 4497 Iulius
765 4461 793 4495 11.
829 4447 860 4496 dc
887 4445 1045 4510 Agrippina,
1066 4445 1168 4511 semina
1193 4453 1312 4510 expertae
