3134 5310
223 493 265 555 te
636 503 788 550 conaran
813 503 925 550 racrrr

220 673 296 740 duur
326 686 457 762 potens,
491 673 668 748 incertum,
702 693 758 735 suo
791 694 831 736 an
866 671 1002 735 rnilitum
1034 673 1171 758 ingenio.
1221 673 1269 738 lta
1293 693 1369 739 sac·

220 801 323 846 cessar
354 777 449 842 simul
479 788 510 841 et
545 776 629 840 ultor
659 775 798 850 electus,
832 777 986 841 rarissima
1011 776 1227 842 moderatione
1251 778 1370 842 maluit

219 881 317 950 videri
340 883 494 948 invenisse
517 881 616 946 bonos
638 903 733 968 quarn
757 882 877 946 fecisse.

265 969 354 1054 Vlll.
391 987 537 1052 Praeerat
572 998 648 1051 tunc
680 986 861 1052 Britanniae
885 985 1004 1050 Vettius
1030 986 1184 1064 Bolanus,
1208 986 1367 1075 placidius

220 1113 316 1181 quam
339 1093 436 1157 feroci
460 1093 620 1180 provincia
644 1091 776 1180 dignum
798 1104 854 1157 est.
904 1092 1103 1180 Temperavit
1127 1091 1273 1180 Agricola
1299 1093 1366 1158 sim

218 1341 256 1384 sat
272 1339 411 1392 mennam,
427 1349 459 1384 an
476 1341 575 1398 propter
584 1335 713 1397 ingenium
721 1335 766 1383 mi-

217 1416 306 1475 litum,
322 1416 398 1466 nimie
415 1415 493 1464 ferox.
529 1416 571 1464 Ita
586 1416 682 1478 legatus
698 1428 766 1480 prae·

217 1496 295 1546 totins
320 1496 395 1546 simul
411 1503 526 1546 narratur
543 1510 618 1560 apere
635 1494 766 1554 seditiose,

217 1583 243 1626 at
259 1589 313 1626 este
328 1576 369 1624 ael
386 1575 453 1624 iners
468 1575 509 1625 vel
526 1575 617 1624 invitus
632 1574 717 1624 cedens
725 1577 767 1625 ni-

217 1655 301 1706 litibus
318 1657 433 1706 seditiose
449 1657 587 1719 agentibus.
621 1656 693 1706 Haec
708 1671 766 1721 quo·

216 1738 292 1786 modo
307 1737 532 1796 conveniant,uon
540 1749 664 1800 assequor.
674 1735 768 1788 Omnia

215 1821 276 1880 puto
300 1831 333 1867 ex
350 1818 511 1868 annotatione
528 1818 672 1880 marginali3
691 1833 766 1868 anno·

121 1929 125 1946 .
216 1898 278 1948 tatio
301 1912 335 1949 ex
361 1899 429 1949 Hiar.
455 1899 478 1948 1.
496 1902 536 1948 60.
553 1896 682 1948 Praeerat
699 1899 766 1962 (Bri-

216 1978 329 2044 tanniae)
352 1976 491 2030 Trebellius
504 1976 645 2040 Matrinus,
651 1995 700 2045 per
708 1996 766 2029 aaa·

216 2059 302 2109 ritiant
326 2067 351 2108 et
376 2059 461 2109 sordes
479 2067 628 2124 contemptus
646 2061 767 2111 exercitui

217 2139 366 2202 invisusque.
388 2137 766 2192 Accendsbatodiumaiusltos·

219 2219 272 2270 cius
294 2218 394 2270 Caelius
411 2219 507 2284 lepatus
523 2221 652 2270 vicesimae
665 2223 767 2286 lapionis

220 2301 278 2352 olim
302 2300 397 2350 discors
403 2321 414 2358 ,·
440 2301 486 2352 sed
508 2302 636 2351 occasione
661 2302 767 2352 ciuilium

220 2398 342 2432 armorum
374 2381 485 2432 atrociae
506 2392 669 2449 proruperat.
708 2382 767 2432 Tre·

221 2463 308 2513 bailius
324 2462 465 2513 seditionem
482 2473 506 2513 et
523 2468 653 2529 confusum
661 2466 768 2515 ordinem

228 2542 326 2604 Gestis,
355 2543 479 2608 spoliatas
504 2554 528 2594 et
553 2547 639 2612 inopes
663 2547 769 2612 leyiones

229 2623 328 2676 Caelius
365 2622 487 2675 Trebellio
520 2627 665 2678 obiectabat.
699 2630 769 2678 Hinc

222 2705 306 2771 glossa
329 2708 460 2770 desumpta
483 2709 595 2768 ridetur,
619 2709 694 2771 idque
716 2710 770 2758 sine

223 2787 322 2838 iudicio.
357 2789 468 2851 Legatus
484 2789 552 2838 enim
567 2789 770 2853 praetoriusneu·

224 2870 320 2933 tiquam
335 2869 452 2920 aeditimo
468 2871 532 2934 egit,
548 2871 593 2920 sed
608 2869 656 2935 ipsi
664 2869 768 2920 militas:

224 2950 328 3000 Tacitus
343 2957 428 3002 namet
443 2966 496 3016 cap.
508 2956 546 3002 tt.
560 2949 697 3000 Trebellius
699 2953 771 3017 sapa

224 3047 256 3082 ac
277 3031 380 3084 latebris
395 3034 477 3084 vitata
493 3034 617 3084 censitus
633 3033 687 3092 ira,
704 3032 771 3082 inde·

225 3129 297 3162 corus
326 3123 403 3177 atque
432 3115 543 3174 humilis,
569 3115 687 3179 precario
717 3131 772 3163 moa

221 3195 357 3259 praefuit,
373 3211 404 3242 ac
419 3195 486 3244 velut
499 3195 585 3259 pacti,
603 3197 726 3244 exercitus
742 3195 770 3244 li·

225 3273 341 3333 centiam,
371 3273 422 3322 durr
450 3273 567 3333 salntem,
597 3273 657 3323 baec
681 3274 770 3324 seditio

225 3355 278 3406 sine
293 3355 411 3421 sanquine
427 3355 503 3404 stetit.
539 3355 688 3415 Trebellius,
704 3356 770 3420 lega·

225 3444 265 3488 tus
289 3437 438 3496 consularis,
463 3437 602 3488 oblectabat
622 3437 770 3488 seditionem

227 3517 326 3579 Caelio,
350 3520 433 3580 legato
457 3520 596 3582 praetorio,
622 3519 692 3569 ouius
708 3520 770 3570 sedi·

225 3600 301 3649 tionis
326 3600 390 3662 ipse,
412 3599 583 3659 homoinem,
602 3616 770 3674 armanor-

814 1334 889 1382 simae
914 1332 1016 1396 lepioui,
1043 1330 1115 1379 tarde
1131 1331 1168 1380 ad
1182 1341 1366 1380 sacramentnm

813 1422 996 1478 trauspressae,
1000 1414 1157 1477 praeposuit.
1194 1410 1319 1462 Seditiose
1332 1429 1367 1462 ea

813 1511 886 1560 acere
908 1496 1074 1553 narrabatur,
1099 1494 1192 1558 quippe
1209 1493 1298 1557 leyatis
1314 1501 1364 1544 cet.

845 1575 990 1626 Rarissima
1018 1572 1190 1623 moderatione.
1228 1574 1365 1624 Sallustius

814 1659 846 1706 B.
864 1658 920 1721 Ing.
931 1662 971 1705 45.
981 1658 1016 1704 ita
1023 1657 1108 1704 laudat
1118 1656 1264 1704 Metellum:
1279 1653 1364 1704 Tanta

813 1739 975 1803 tmperantia
991 1739 1056 1786 inter
1064 1737 1216 1786 ambitionem
1223 1737 1364 1786 samnitium·

813 1834 859 1882 qne
880 1818 1036 1866 moderatum.
1072 1818 1192 1866 Metellus
1207 1831 1298 1881 nempe
1313 1820 1363 1881 pri·

812 1915 882 1948 mum
907 1901 987 1949 edicto
1012 1901 1156 1949 adiumenta
1182 1900 1298 1962 ignaviae
1324 1914 1364 1948 eu-

812 1981 893 2030 stulit:
911 1980 998 2029 ceteris
1013 1990 1070 2030 arte
1085 1983 1179 2032 modum
1195 1985 1294 2033 statuit.
1309 1985 1363 2034 Ubi

812 2070 868 2109 arte
889 2069 927 2110 est
939 2077 988 2126 per
1004 2071 1095 2122 arten,
1112 2065 1252 2128 oppositam
1268 2063 1363 2122 edicto,

811 2157 876 2206 quae
900 2159 944 2190 ars
960 2150 1012 2192 erat
1028 2145 1200 2193 testimonium
1214 2145 1364 2195 moderatio·

813 2223 860 2272 nis.
896 2223 995 2272 Cortius
1012 2233 1068 2272 arte
1084 2227 1173 2289 occipit
1185 2241 1231 2288 pro
1245 2225 1364 2274 adverbio

812 2311 889 2351 arcte.
926 2305 1013 2352 Minus
1034 2311 1113 2364 recte,
1131 2313 1199 2369 puto.
1216 2304 1269 2354 Ars
1287 2306 1364 2369 Agri·

813 2385 882 2432 colae
903 2386 930 2433 in
949 2399 978 2433 eo
995 2388 1154 2446 cernebatur,
1171 2389 1239 2451 qnod
1254 2388 1365 2436 malebat

813 2466 894 2515 videri
919 2467 997 2515 bonos
1020 2468 1158 2526 invenisse,
1175 2483 1251 2532 qnam
1267 2469 1363 2517 fecisse.

815 2547 916 2596 Electus
949 2555 1001 2596 erat
1033 2561 1159 2598 moaeaaor
1192 2548 1276 2598 Roscii
1303 2548 1365 2599 Cae·

814 2628 855 2686 lii,
876 2630 920 2692 qui
936 2630 1028 2678 milites
1045 2643 1104 2678 suae
1119 2630 1226 2692 legionis
1242 2645 1294 2678 non
1311 2636 1365 2692 pct-

815 2716 868 2758 erat
892 2710 1020 2769 cohibere,
1045 2717 1070 2759 et
1095 2711 1170 2760 simul
1187 2711 1280 2759 electus
1296 2711 1365 2760 ultor

815 2791 936 2850 militum,
960 2799 989 2840 ut
1013 2791 1170 2870 disciplinam
1191 2798 1217 2840 et
1232 2791 1365 2840 confusum

815 2873 929 2922 ordinem
961 2874 1108 2924 restitueret.
1143 2873 1201 2920 Hoc
1234 2885 1365 2935 nunquam

816 2953 867 3002 fere
891 2954 945 3002 sine
969 2954 996 3002 vi
1020 2961 1044 3002 et
1061 2954 1161 3017 menis,
1179 2954 1305 3002 interdum
1321 2953 1364 3002 vel

816 3035 980 3084 decimatione
995 3035 1078 3084 fiebat.
1096 3035 1130 3083 Et
1146 3047 1297 3084 mooessoras
1313 3034 1364 3096 ple·

816 3129 921 3180 rumque
937 3117 964 3164 in
980 3116 1052 3165 initio
1069 3116 1175 3179 aamepti
1187 3115 1298 3164 muneris
1305 3121 1365 3163 suant

816 3198 964 3255 severiores,
980 3211 1024 3259 per
1045 3196 1208 3245 ambitionem
1224 3201 1267 3244 aut
1279 3208 1366 3244 neces·

816 3278 922 3326 sitalem.
956 3278 997 3325 Ita
1013 3276 1148 3326 moderatio
1166 3277 1302 3340 Agricolae
1310 3283 1365 3325 erat

816 3372 875 3407 sane
899 3359 1032 3407 rarissima.
1067 3359 1189 3422 Alioquin
1211 3371 1291 3421 neque
1309 3357 1364 3407 Sal·

815 3440 904 3488 Iustius
928 3439 964 3487 ita
988 3439 1014 3487 in
1032 3439 1135 3488 Metello
1151 3439 1290 3498 laudasset,
1307 3440 1364 3502 ipso

816 3520 860 3568 illo
883 3519 961 3569 verbo
985 3519 1134 3568 moderatum
1149 3533 1254 3579 vocans,
1272 3527 1297 3569 et
1315 3521 1364 3569 Ta·

816 3601 878 3649 citus
887 3601 955 3649 Hist.
966 3601 1003 3648 II.
1014 3605 1054 3650 22.
1061 3602 1092 3650 de
1102 3601 1267 3664 Valente,qui
1273 3600 1366 3650 nasas

225 3680 310 3740 didus,
328 3684 392 3728 esset
407 3693 499 3728 muna
519 3681 600 3730 Vettii
613 3683 771 3746 Bolani,qui
815 3680 958 3730 seditionem
982 3695 1093 3730 concae
1117 3689 1292 3745 coaptaverat,
1309 3689 1363 3731 tan·

224 3766 373 3810 mammem
390 3759 530 3818 Trebellio,
547 3763 634 3810 eadem
646 3764 770 3812 matinen·
816 3761 1363 3826 dem,ususeonsilioAlpbeuiVa1i,prse

223 3843 259 3894 tia
284 3856 343 3906 erga
359 3841 456 3901 hostes,
474 3841 563 3890 sindlis
579 3843 716 3906 petulantia
731 3860 770 3894 ca-
816 3841 873 3890 locti
897 3849 1046 3902 castromm,
1072 3843 1188 3893 coemit.
1224 3844 1291 3892 'Ium
1307 3843 1364 3892 utili

224 3931 338 3974 atrorum.
374 3923 476 3972 Tacitus
497 3930 553 3986 poet
569 3925 687 3988 scriptum
703 3926 770 3976 hunc
815 3922 979 3972 moderatione
994 3940 1040 3972 uon
1056 3924 1204 3988 supplicium
1221 3923 1365 3986 cuiusquam

222 4006 336 4058 libellum
353 4005 475 4056 nonnulla
491 4005 627 4055 amantius
643 4007 770 4057 resmvisss
813 4003 942 4069 poposctn
959 4020 990 4052 uc
1006 4020 1036 4053 ne
1052 4005 1210 4056 dissimulans
1226 4005 1363 4069 suspectior

222 4088 315 4151 possin
331 4087 393 4136 baec
408 4102 485 4151 quam
499 4077 559 4136 rere
575 4089 770 4147 narraverit‚sa·
810 4087 898 4151 soret,
913 4100 1008 4149 paucos
1025 4087 1160 4136 incusavit.-
1176 4101 1269 4150 pucras
1285 4084 1363 4134 ciuili·

223 4171 255 4219 tis
289 4176 397 4234 apparet.
438 4169 577 4218 Difficultas
609 4169 683 4218 huius
721 4169 770 4218 loci
817 4167 861 4215 bus
885 4167 954 4218 bellis
980 4167 1040 4233 plus
1065 4167 1182 4218 militibus
1208 4181 1280 4231 wan
1296 4165 1363 4214 daei·

224 4250 345 4301 Waxium
361 4266 413 4300 non
429 4252 509 4300 latuit
527 4251 576 4301 Illa
592 4250 667 4300 verba
683 4250 772 4300 ubide·
818 4249 862 4297 bus
886 4248 967 4299 licere.
1002 4251 1083 4300 Fuere
1108 4250 1152 4314 qui
1176 4248 1364 4298 moderationem

224 4345 371 4381 cessam...
385 4339 455 4395 putat
463 4347 516 4382 esse
524 4332 633 4396 glossam
648 4333 770 4394 margina-
818 4329 953 4392 Agricolae
977 4333 1095 4381 adamam
1119 4331 1229 4394 legatum
1251 4328 1363 4378 conans·

224 4412 274 4460 lem
291 4411 442 4473 mutilatam,
462 4421 486 4464 et
502 4413 552 4464 alia
569 4414 603 4462 sio
620 4413 694 4475 legit:
708 4415 769 4463 uice·
816 4425 869 4460 rem
886 4413 1112 4475 interpretarentur.
