3130 5308
223 546 286 608 110
657 553 812 600 coarsnn
835 552 942 602 raom

221 726 297 790 dum
336 726 439 815 potius
475 743 571 812 quam
605 722 819 810 pellerentur,
861 723 964 810 ignari
1012 723 1115 810 speeie
1158 722 1366 810 prudentium

221 830 458 907 admonebant,
497 849 595 917 quum
630 828 757 893 interim
791 828 952 916 cognoscit
990 827 1094 892 hostes
1128 827 1273 916 pluribus
1308 851 1365 916 ag·

220 936 359 1002 minibus
395 935 581 1022 irrupturos.
617 933 683 1008 Ac,
708 955 749 998 ne
772 945 940 1020 superante
969 953 1104 997 numero
1127 944 1160 997 et
1182 934 1295 1022 peritia
1316 933 1363 998 lo·

219 1063 330 1106 corum
343 1039 562 1104 circumiretur
574 1087 583 1116 ,
596 1037 694 1102 diviso
706 1049 738 1103 et
750 1039 816 1126 ipse
829 1039 860 1102 in
874 1050 936 1103 tres
948 1049 1052 1126 partes
1064 1039 1205 1103 exercitu
1216 1038 1361 1105 incessit.

264 1144 380 1210 xxvl.
408 1143 497 1235 Quod
523 1142 579 1207 ubi
601 1143 763 1232 cognitum
783 1142 885 1220 hosti,
910 1155 1032 1209 mutato
1056 1155 1187 1232 repente
1209 1143 1363 1218 oonsilio,

220 1249 356 1315 universi
387 1271 503 1314 nonam
537 1245 713 1337 legionem,
750 1260 785 1313 ut
821 1249 954 1314 maxime
977 1247 1168 1327 invalidam,
1191 1259 1283 1315 nocte
1307 1271 1363 1337 ag-

219 1356 333 1446 gressi,
370 1355 452 1420 inter
484 1375 629 1419 somnum
664 1375 701 1417 ao
723 1353 966 1442 trepidationem
990 1355 1086 1420 caesis
1110 1353 1255 1441 uigilibus
1278 1354 1363 1418 irru-

218 1482 306 1552 pere.
344 1459 476 1546 lamque
511 1460 543 1522 in
579 1459 652 1546 ipsis
687 1459 795 1522 castris
819 1458 1044 1546 pugnabatur,
1070 1480 1170 1546 quum
1192 1457 1362 1546 Agricola,

217 1568 277 1632 iter
311 1564 449 1628 hostium
474 1563 513 1626 ab
537 1561 785 1651 exploratoribus
809 1563 940 1628 edoctus
963 1575 995 1629 et
1021 1563 1154 1652 vestigiis
1178 1563 1361 1641 insecutus,

217 1668 426 1736 uelocissimos
470 1668 614 1756 equitum
658 1667 864 1756 peditumque
900 1667 1049 1733 assultare
1085 1669 1180 1756 tergis
1214 1690 1363 1758 puguan-

216 1778 297 1842 tium
333 1774 445 1851 iubet,
482 1795 553 1838 mor
589 1772 629 1836 ab
659 1773 811 1839 universis
835 1773 926 1838 adiici
951 1773 1147 1852 clamorem,
1175 1785 1206 1840 et
1229 1775 1363 1863 propin·

217 1903 278 1970 qua
313 1880 385 1944 luce
418 1877 535 1942 fulsere
572 1879 670 1967 signa.
729 1877 776 1942 lta
813 1878 942 1967 ancipiti
976 1878 1059 1943 mulo
1095 1879 1196 1943 territi
1233 1879 1360 1944 Britan·
1408 1925 1413 1932 -

216 1987 274 2066 ni3
320 1996 351 2051 et
386 1982 536 2048 Romanis
571 1983 663 2048 rediit
699 1983 845 2061 animus,
883 2005 918 2048 ac
954 1983 1056 2049 securi
1089 2005 1146 2071 pro
1183 1983 1282 2049 salute
1318 1983 1360 2050 de

216 2091 314 2181 gloria
349 2088 522 2155 certabunt.
571 2086 662 2154 Ultro
698 2088 776 2176 quin
809 2089 904 2152 etiam
936 2110 1086 2177 erupere,
1122 2101 1154 2153 et
1187 2088 1248 2153 tuit
1270 2100 1360 2154 atrox

215 2199 248 2261 in
277 2195 350 2283 ipsis
385 2205 547 2282 portarum
583 2195 733 2281 augustiis
768 2191 945 2280 proelium,
981 2192 1082 2258 donec
1116 2193 1199 2282 pulsi
1229 2193 1357 2271 hostes,

216 2380 349 2439 superatas
374 2386 470 2421 numero
495 2379 519 2419 et
540 2371 637 2436 peritia
660 2370 766 2421 locorum
813 2371 909 2420 Annal.
936 2370 1014 2422 xlv.
1038 2377 1061 2421 2.
1080 2369 1169 2420 Securi
1184 2369 1215 2420 de
1224 2369 1361 2435 facilitate

217 2455 395 2506 circurniretar.
812 2450 948 2501 credentis:
965 2453 992 2501 in
1008 2467 1059 2516 quo
1075 2451 1105 2501 de
1121 2451 1362 2516 significetquodat·

250 2535 334 2585 Nocte
367 2534 492 2598 oppressi,
516 2533 580 2581 iuter
604 2547 707 2582 somnam
728 2547 764 2598 sq.
811 2531 874 2582 tinet
899 2533 931 2583 ed
955 2531 1107 2582 facilitatem.
1133 2533 1171 2581 At
1191 2533 1361 2591 consuetudo,

220 2617 332 2666 Krituius
356 2615 418 2664 haec
442 2615 477 2680 its
501 2615 627 2663 distinxitz
652 2613 767 2664 Universi
811 2629 887 2678 quam
914 2615 1043 2676 scriptores
1058 2614 1094 2662 ⁴iu
1119 2612 1167 2660 hec
1186 2611 1294 2660 formula
1310 2625 1361 2661 ser·

219 2713 304 2748 nonam
320 2695 445 2760 legionesa,
463 2704 491 2744 at
507 2695 609 2743 manime
624 2695 765 2756 invalidam,
811 2703 884 2755 aaut,
909 2695 1001 2758 poscit,
1023 2700 1051 2742 nt
1065 2709 1115 2758 pro
1132 2692 1211 2742 salute
1226 2695 1362 2756 suspende·

219 2788 288 2828 aoote
303 2777 428 2842 aggressi,
445 2775 510 2825 inter
525 2791 629 2825 somnum
645 2791 676 2825 aa
691 2778 766 2841 trepi-

218 2860 376 2919 ditatioaem,
402 2857 482 2907 caesis
497 2856 625 2922 vigilibus,
643 2857 765 2922 irrupere.

219 2943 277 2992 Hae
309 2939 508 3004 interpunctione
537 2939 648 2988 indicere
670 2938 764 2997 voluit,

218 3023 285 3090 quod
309 3035 353 3086 per
377 3035 404 3071 se
419 3033 517 3084 quoque
533 3019 645 3083 patebat,
661 3019 764 3068 ooniun·

218 3106 301 3168 ganda
325 3117 378 3152 esse
400 3100 464 3150 iuter
487 3115 592 3150 somnum
608 3115 639 3150 ae
655 3099 764 3165 trepida·

219 3184 306 3234 tionem
327 3184 450 3246 irrupere,
475 3197 527 3231 non
552 3195 609 3230 cum
633 3181 714 3230 caesis
729 3180 764 3228 vi·

218 3263 315 3328 qilidas.
342 3263 449 3321 Melior,
474 3268 547 3324 puto,
574 3261 707 3309 verborum
721 3260 763 3307 hic

218 3346 279 3395 ordo
304 3349 380 3393 esset:
397 3350 478 3401 aocte,
496 3339 575 3390 caesis
590 3339 763 3404 vigilibusag-

217 3424 309 3489 gressi,
343 3424 407 3472 inter
432 3439 537 3472 sormam
562 3437 593 3470 ao
619 3420 763 3486 trepidatio·

217 3521 268 3554 aera
300 3504 421 3569 irrupere.
456 3505 571 3553 Primum
595 3509 649 3553 eret
661 3503 763 3552 caedere

216 3587 313 3648 vigiles.
332 3585 376 3634 Sio
391 3585 495 3648 aggredi
509 3589 624 3648 poterent
637 3583 764 3646 legionem

216 3666 390 3715 dormientem.
408 3665 458 3725 Hi,
474 3666 584 3714 tumultu
601 3665 763 3724 exciteti‚sr·

216 3759 258 3795 ma
274 3745 416 3808 capiebant,
433 3751 462 3794 ut
477 3747 619 3794 resisterent
627 3746 763 3807 irrumpen-

215 3825 289 3877 tibus.
316 3822 368 3875 Sed
384 3825 427 3874 etii
443 3827 518 3875 etism
534 3825 703 3884 dormiebant,
720 3826 764 3875 alii

214 3909 264 3958 hue
280 3905 340 3956 illuc
356 3906 521 3970 trepidabant.
547 3906 616 3969 Ergo
633 3905 716 3956 hostes
732 3907 763 3955 ir-

213 4001 303 4054 rupere
318 3989 345 4037 in
361 3993 449 4037 cestre

264 4067 304 4118 Aa
319 4065 403 4117 securi
414 4067 562 4134 praedicte
579 4066 609 4116 de
621 4066 763 4133 gloriarer·

214 4152 308 4202 tabant.
335 4149 478 4210 Acidaliae,
503 4150 622 4199 laudante
638 4149 762 4208 Ernesto,

214 4233 377 4296 meusposuit:
403 4232 485 4280 securi
506 4230 537 4280 de
553 4228 634 4279 salute
647 4245 696 4295 pro
712 4229 762 4293 glo·

214 4314 256 4361 ria
281 4313 415 4361 certabant.
442 4311 494 4362 Sed
518 4317 654 4376 utrumqne
671 4311 762 4361 Latine

214 4393 310 4441 dieitur.
338 4393 418 4442 Tacit.
436 4393 505 4442 Hie.
524 4393 575 4442 IV.
594 4398 634 4443 58.
653 4390 707 4440 Pro
723 4407 761 4440 vo·

214 4472 251 4520 bis
276 4471 419 4531 sollicitior,
445 4482 489 4521 unt
511 4491 560 4536 pro
584 4489 620 4521 me
643 4473 760 4522 securior.

812 2789 867 2825 mus
883 2791 899 2825 a
915 2777 1042 2824 curabant
1058 2787 1109 2823 non
1127 2789 1143 2824 e
1158 2774 1245 2822 secari.
1269 2773 1362 2824 Livius

812 2855 847 2905 X.
877 2859 915 2904 to.
942 2855 1008 2910 Quin
1023 2854 1149 2905 Romanos
1165 2851 1227 2904 marri
1242 2867 1305 2919 egro
1323 2855 1361 2905 cia

815 2934 922 2987 Tiberim
948 2936 1037 3002 pulsos
1066 2934 1184 2984 dimicare
1205 2951 1254 3000 pro
1279 2935 1362 2984 salute

811 3033 870 3078 sua,
896 3033 942 3066 nou
958 3016 988 3066 de
1004 3015 1157 3066 intolerando
1175 3013 1270 3066 Italiae
1284 3030 1361 3081 repara

810 3107 905 3164 cogant.
932 3095 1010 3146 XXI.
1036 3101 1077 3146 41.
1102 3095 1187 3160 Atque
1203 3097 1296 3147 utinam
1309 3113 1361 3162 pro

809 3179 895 3228 decore
920 3186 1014 3227 tanturn
1039 3177 1083 3226 doe
1108 3178 1177 3226 vobis
1193 3193 1240 3226 aaa
1251 3193 1302 3243 pro
1318 3193 1360 3227 sa»

810 3259 859 3310 lata
869 3268 933 3309 esset
949 3267 1077 3308 certamen.
1094 3256 1155 3306 Noa
1169 3257 1199 3306 de
1203 3258 1361 3323 possessione

810 3338 914 3390 Siciliae
930 3355 961 3388 aa
977 3337 1125 3399 Sardiniae,
1143 3338 1173 3388 de
1189 3339 1360 3403 quibusqaoa·

809 3420 865 3471 dam
889 3422 1026 3486 agebatur,
1051 3420 1096 3470 sed
1115 3437 1165 3486 pro
1191 3417 1360 3470 Italiaoobis

809 3511 846 3551 est
859 3501 1023 3567 pugnandum.
1044 3503 1088 3552 ubi
1102 3503 1238 3565 legendum
1259 3502 1360 3550 ridetur

808 3583 900 3632 utinam
916 3583 947 3632 de
963 3582 1059 3633 decore.
1076 3583 1177 3633 Curtius
1195 3583 1244 3633 IV·
1260 3587 1286 3632 3.
1303 3579 1359 3631 Da·

808 3665 907 3714 mistico
930 3664 992 3714 dello
1009 3662 1107 3714 Poenos
1122 3662 1251 3729 impediri,
1269 3677 1311 3712 nec
1328 3663 1361 3714 de

808 3746 924 3811 imperio,
942 3742 987 3794 sed
998 3761 1047 3810 pro
1064 3743 1145 3794 salute
1162 3743 1287 3794 dimicare.
1304 3743 1359 3809 Ap-

808 3833 878 3891 paret
903 3827 951 3876 hoo
975 3827 1011 3875 lte
1033 3826 1095 3886 dici,
1110 3833 1140 3874 ut
1155 3839 1295 3890 pugnemus
1307 3841 1360 3891 pro

809 3907 903 3967 solute,
930 3921 962 3957 ne
987 3908 1145 3967 emittamus,
1170 3905 1200 3956 de
1215 3905 1311 3971 gloria,
1329 3914 1360 3957 ut

807 4003 996 4053 consequamur.
1021 3987 1179 4039 Sententiam
1194 3988 1268 4052 paulo
1285 3988 1359 4038 aliter

809 4071 931 4133 expressit
948 4071 1060 4120 Iustinus
1078 4069 1112 4119 V.
1131 4073 1155 4118 6.
1177 4066 1260 4117 Tacta
1276 4067 1360 4118 virtus

808 4151 942 4200 animorum
967 4158 1036 4210 erat,
1062 4159 1103 4210 ct,
1129 4163 1182 4198 outa
1203 4147 1283 4214 paula
1300 4156 1359 4198 unte

808 4231 911 4281 salutem
940 4231 1140 4298 desperaverint,
1164 4245 1226 4278 nanc
1248 4244 1295 4277 aaa
1316 4227 1359 4277 ele-

808 4321 906 4376 sperent
922 4312 1058 4362 actoriam.
1068 4313 1185 4362 Fortasse
1193 4312 1315 4374 glossator
1324 4324 1361 4360 ex

807 4399 867 4442 note
890 4394 937 4456 ipsi
962 4393 1069 4444 formula
1092 4393 1182 4442 adiecit
1206 4389 1288 4440 securi
1307 4407 1361 4455 pre

808 4474 900 4534 salute,
918 4481 942 4524 et
961 4475 1063 4524 Tacitus
1080 4473 1188 4537 scripsit:
1203 4481 1228 4522 et
1235 4470 1362 4520 Romanis
