<?xml version="1.0" encoding="UTF-8"?>
<!DOCTYPE html PUBLIC "-//W3C//DTD XHTML 1.0 Transitional//EN"
    "http://www.w3.org/TR/xhtml1/DTD/xhtml1-transitional.dtd">
<html xmlns="http://www.w3.org/1999/xhtml" xml:lang="en" lang="en">
 <head>
  <title>
</title>
<meta http-equiv="Content-Type" content="text/html;charset=utf-8" />
  <meta name='ocr-system' content='tesseract 3.04.00' />
  <meta name='ocr-capabilities' content='ocr_page ocr_carea ocr_par ocr_line ocrx_word'/>
</head>
<body>
  <div class='ocr_page' id='page_1' title='image "./ccorneliitaciti09tacigoog/ccorneliitaciti09tacigoog_0175.png"; bbox 0 0 3074 5310; ppageno 0'>
   <div class='ocr_carea' id='block_1_1' title="bbox 250 505 1077 600">
    <p class='ocr_par' dir='ltr' id='par_1_1' title="bbox 250 505 1077 600">
     <span class='ocr_line' id='line_1_1' title="bbox 250 505 1077 600; baseline -0.011 -34"><span class='ocrx_word' id='word_1_1' title='bbox 250 505 313 566; x_wconf 73' lang='lat' dir='ltr'><strong>tte</strong></span> <span class='ocrx_word' id='word_1_2' title='bbox 681 517 832 566; x_wconf 82' lang='lat' dir='ltr'><strong>canneru</strong></span> <span class='ocrx_word' id='word_1_3' title='bbox 858 515 969 570; x_wconf 78' lang='lat' dir='ltr'><strong>tacrrr</strong></span> <span class='ocrx_word' id='word_1_4' title='bbox 1070 585 1077 600; x_wconf 84' lang='lat'><em>.</em></span> 
     </span>
    </p>
   </div>
   <div class='ocr_carea' id='block_1_2' title="bbox 246 683 1394 1400">
    <p class='ocr_par' dir='ltr' id='par_1_2' title="bbox 246 683 1394 1400">
     <span class='ocr_line' id='line_1_2' title="bbox 246 683 1392 776; baseline -0.003 -22"><span class='ocrx_word' id='word_1_5' title='bbox 246 687 354 765; x_wconf 83' lang='lat' dir='ltr'><strong>dedit,</strong></span> <span class='ocrx_word' id='word_1_6' title='bbox 389 687 452 754; x_wconf 85' lang='lat' dir='ltr'><strong>sire</strong></span> <span class='ocrx_word' id='word_1_7' title='bbox 487 684 623 752; x_wconf 84' lang='lat' dir='ltr'><strong>offensus</strong></span> <span class='ocrx_word' id='word_1_8' title='bbox 658 703 721 752; x_wconf 89' lang='lat' dir='ltr'><strong>non</strong></span> <span class='ocrx_word' id='word_1_9' title='bbox 753 684 908 776; x_wconf 81' lang='lat' dir='ltr'><strong>petitum,</strong></span> <span class='ocrx_word' id='word_1_10' title='bbox 933 685 996 752; x_wconf 84' lang='lat' dir='ltr'><strong>sire</strong></span> <span class='ocrx_word' id='word_1_11' title='bbox 1020 705 1056 751; x_wconf 84' lang='lat' dir='ltr'><strong>er</strong></span> <span class='ocrx_word' id='word_1_12' title='bbox 1086 683 1303 760; x_wconf 82' lang='lat' dir='ltr'><strong>conscientie,</strong></span> <span class='ocrx_word' id='word_1_13' title='bbox 1329 705 1392 761; x_wconf 69' lang='grc' dir='ltr'><strong>πο,</strong></span> 
     </span>
     <span class='ocr_line' id='line_1_3' title="bbox 247 785 1394 882; baseline 0.001 -24"><span class='ocrx_word' id='word_1_14' title='bbox 247 791 335 880; x_wconf 89' lang='lat' dir='ltr'><strong>quad</strong></span> <span class='ocrx_word' id='word_1_15' title='bbox 371 799 532 868; x_wconf 79' lang='lat' dir='ltr'><strong>vetuerat,</strong></span> <span class='ocrx_word' id='word_1_16' title='bbox 568 787 726 856; x_wconf 83' lang='lat' dir='ltr'><strong>rideretur</strong></span> <span class='ocrx_word' id='word_1_17' title='bbox 747 789 881 860; x_wconf 77' lang='lat' dir='ltr'><strong>,emissa</strong></span> <span class='ocrx_word' id='word_1_18' title='bbox 918 788 1084 882; x_wconf 81' lang='lat' dir='ltr'><strong>Proprium</strong></span> <span class='ocrx_word' id='word_1_19' title='bbox 1114 785 1248 860; x_wconf 83' lang='lat' dir='ltr'><strong>humani</strong></span> <span class='ocrx_word' id='word_1_20' title='bbox 1272 788 1394 876; x_wconf 79' lang='lat' dir='ltr'><strong>ingenii</strong></span> 
     </span>
     <span class='ocr_line' id='line_1_4' title="bbox 246 893 1394 982; baseline -0.001 -19"><span class='ocrx_word' id='word_1_21' title='bbox 246 909 297 963; x_wconf 82' lang='lat' dir='ltr'><strong>est</strong></span> <span class='ocrx_word' id='word_1_22' title='bbox 333 894 455 982; x_wconf 59' lang='lat' dir='ltr'><strong>wisse,</strong></span> <span class='ocrx_word' id='word_1_23' title='bbox 492 915 587 982; x_wconf 77' lang='lat' dir='ltr'><strong>quent</strong></span> <span class='ocrx_word' id='word_1_24' title='bbox 619 893 766 974; x_wconf 83' lang='lat' dir='ltr'><strong>laeseris3</strong></span> <span class='ocrx_word' id='word_1_25' title='bbox 794 893 965 962; x_wconf 81' lang='lat' dir='ltr'><strong>Domitiani</strong></span> <span class='ocrx_word' id='word_1_26' title='bbox 987 914 1062 968; x_wconf 80' lang='lat' dir='ltr'><strong>sero</strong></span> <span class='ocrx_word' id='word_1_27' title='bbox 1082 903 1216 969; x_wconf 87' lang='lat' dir='ltr'><strong>natura,</strong></span> <span class='ocrx_word' id='word_1_28' title='bbox 1241 914 1394 982; x_wconf 82' lang='lat' dir='ltr'><strong>praeceps</strong></span> 
     </span>
     <span class='ocr_line' id='line_1_5' title="bbox 247 995 1394 1086; baseline -0.003 -20"><span class='ocrx_word' id='word_1_29' title='bbox 247 1003 281 1070; x_wconf 89' lang='lat' dir='ltr'><strong>in</strong></span> <span class='ocrx_word' id='word_1_30' title='bbox 312 1002 412 1077; x_wconf 80' lang='lat' dir='ltr'><strong>iram,</strong></span> <span class='ocrx_word' id='word_1_31' title='bbox 436 1010 468 1066; x_wconf 91' lang='lat' dir='ltr'><strong>et</strong></span> <span class='ocrx_word' id='word_1_32' title='bbox 492 1017 555 1086; x_wconf 87' lang='lat' dir='ltr'><strong>quo</strong></span> <span class='ocrx_word' id='word_1_33' title='bbox 578 999 739 1066; x_wconf 83' lang='lat' dir='ltr'><strong>obscurior</strong></span> <span class='ocrx_word' id='word_1_34' title='bbox 762 1017 799 1066; x_wconf 88' lang='lat' dir='ltr'><strong>eo</strong></span> <span class='ocrx_word' id='word_1_35' title='bbox 821 998 1077 1073; x_wconf 67' lang='lat' dir='ltr'><strong>irrevocabilia,</strong></span> <span class='ocrx_word' id='word_1_36' title='bbox 1103 995 1320 1068; x_wconf 75' lang='lat' dir='ltr'><strong>moderatione</strong></span> <span class='ocrx_word' id='word_1_37' title='bbox 1343 1009 1394 1066; x_wconf 78' lang='lat' dir='ltr'><strong>ta·</strong></span> 
     </span>
     <span class='ocr_line' id='line_1_6' title="bbox 250 1102 1392 1193; baseline -0.004 -19"><span class='ocrx_word' id='word_1_38' title='bbox 250 1127 326 1180; x_wconf 82' lang='lat' dir='ltr'><strong>uren</strong></span> <span class='ocrx_word' id='word_1_39' title='bbox 360 1103 593 1193; x_wconf 74' lang='lat' dir='ltr'><strong>prudentiaque</strong></span> <span class='ocrx_word' id='word_1_40' title='bbox 618 1103 784 1191; x_wconf 75' lang='lat' dir='ltr'><strong>Agricolae</strong></span> <span class='ocrx_word' id='word_1_41' title='bbox 808 1103 1007 1181; x_wconf 82' lang='lat' dir='ltr'><strong>leniebatur,</strong></span> <span class='ocrx_word' id='word_1_42' title='bbox 1033 1102 1107 1190; x_wconf 85' lang='lat' dir='ltr'><strong>quia</strong></span> <span class='ocrx_word' id='word_1_43' title='bbox 1135 1124 1199 1170; x_wconf 90' lang='lat' dir='ltr'><strong>non</strong></span> <span class='ocrx_word' id='word_1_44' title='bbox 1224 1114 1392 1170; x_wconf 83' lang='lat' dir='ltr'><strong>contume-</strong></span> 
     </span>
     <span class='ocr_line' id='line_1_7' title="bbox 250 1205 1391 1298; baseline -0.007 -22"><span class='ocrx_word' id='word_1_45' title='bbox 250 1211 299 1279; x_wconf 84' lang='lat' dir='ltr'><strong>ois</strong></span> <span class='ocrx_word' id='word_1_46' title='bbox 330 1229 434 1298; x_wconf 88' lang='lat' dir='ltr'><strong>oeque</strong></span> <span class='ocrx_word' id='word_1_47' title='bbox 469 1206 558 1281; x_wconf 82' lang='lat' dir='ltr'><strong>inani</strong></span> <span class='ocrx_word' id='word_1_48' title='bbox 582 1207 751 1276; x_wconf 85' lang='lat' dir='ltr'><strong>iactatione</strong></span> <span class='ocrx_word' id='word_1_49' title='bbox 781 1205 935 1274; x_wconf 77' lang='lat' dir='ltr'><strong>libertatis</strong></span> <span class='ocrx_word' id='word_1_50' title='bbox 958 1207 1074 1276; x_wconf 80' lang='lat' dir='ltr'><strong>lamam</strong></span> <span class='ocrx_word' id='word_1_51' title='bbox 1093 1206 1261 1294; x_wconf 77' lang='lat' dir='ltr'><strong>fatuasque</strong></span> <span class='ocrx_word' id='word_1_52' title='bbox 1279 1227 1391 1295; x_wconf 63' lang='lat' dir='ltr'><strong>proso,</strong></span> 
     </span>
     <span class='ocr_line' id='line_1_8' title="bbox 248 1311 1391 1400; baseline -0.004 -16"><span class='ocrx_word' id='word_1_53' title='bbox 248 1313 353 1386; x_wconf 82' lang='lat' dir='ltr'><strong>cebet.</strong></span> <span class='ocrx_word' id='word_1_54' title='bbox 402 1311 533 1390; x_wconf 81' lang='lat' dir='ltr'><strong>Sciant,</strong></span> <span class='ocrx_word' id='word_1_55' title='bbox 571 1311 686 1400; x_wconf 86' lang='lat' dir='ltr'><strong>quibus</strong></span> <span class='ocrx_word' id='word_1_56' title='bbox 702 1312 811 1380; x_wconf 88' lang='lat' dir='ltr'><strong>-uroris</strong></span> <span class='ocrx_word' id='word_1_57' title='bbox 834 1323 881 1379; x_wconf 87' lang='lat' dir='ltr'><strong>est</strong></span> <span class='ocrx_word' id='word_1_58' title='bbox 903 1311 1014 1382; x_wconf 85' lang='lat' dir='ltr'><strong>illicita</strong></span> <span class='ocrx_word' id='word_1_59' title='bbox 1038 1311 1166 1387; x_wconf 82' lang='lat' dir='ltr'><strong>mirari,</strong></span> <span class='ocrx_word' id='word_1_60' title='bbox 1192 1313 1391 1398; x_wconf 80' lang='lat' dir='ltr'><strong>porrectiore</strong></span> 
     </span>
    </p>
   </div>
   <div class='ocr_carea' id='block_1_3' title="bbox 212 1573 1398 4479">
    <p class='ocr_par' dir='ltr' id='par_1_3' title="bbox 240 1573 1393 2531">
     <span class='ocr_line' id='line_1_9' title="bbox 247 1573 1392 1641; baseline 0.003 -14"><span class='ocrx_word' id='word_1_61' title='bbox 247 1590 314 1636; x_wconf 81' lang='lat' dir='ltr'><strong>ram:</strong></span> <span class='ocrx_word' id='word_1_62' title='bbox 332 1575 447 1638; x_wconf 58' lang='lat' dir='ltr'><strong>baeticis</strong></span> <span class='ocrx_word' id='word_1_63' title='bbox 463 1584 487 1629; x_wconf 86' lang='lat' dir='ltr'><strong>et</strong></span> <span class='ocrx_word' id='word_1_64' title='bbox 502 1575 605 1634; x_wconf 75' lang='lat' dir='ltr'><strong>invidia.</strong></span> <span class='ocrx_word' id='word_1_65' title='bbox 623 1575 742 1641; x_wconf 79' lang='lat' dir='ltr'><strong>Suspicor</strong></span> <span class='ocrx_word' id='word_1_66' title='bbox 757 1583 792 1631; x_wconf 81' lang='lat' dir='ltr'><strong>ta·</strong></span> <span class='ocrx_word' id='word_1_67' title='bbox 841 1577 903 1636; x_wconf 85' lang='lat' dir='ltr'><strong>tiarn</strong></span> <span class='ocrx_word' id='word_1_68' title='bbox 919 1577 991 1636; x_wconf 80' lang='lat' dir='ltr'><strong>redit.</strong></span> <span class='ocrx_word' id='word_1_69' title='bbox 1010 1575 1078 1636; x_wconf 79' lang='lat' dir='ltr'><strong>Quia</strong></span> <span class='ocrx_word' id='word_1_70' title='bbox 1093 1573 1147 1626; x_wconf 81' lang='lat' dir='ltr'><strong>odit</strong></span> <span class='ocrx_word' id='word_1_71' title='bbox 1162 1579 1261 1638; x_wconf 83' lang='lat' dir='ltr'><strong>aperte,</strong></span> <span class='ocrx_word' id='word_1_72' title='bbox 1278 1577 1322 1630; x_wconf 75' lang='lat' dir='ltr'><strong>vel</strong></span> <span class='ocrx_word' id='word_1_73' title='bbox 1336 1590 1392 1640; x_wconf 78' lang='lat' dir='ltr'><strong>pro</strong></span> 
     </span>
     <span class='ocr_line' id='line_1_10' title="bbox 247 1655 1392 1722; baseline 0 -16"><span class='ocrx_word' id='word_1_74' title='bbox 247 1670 306 1716; x_wconf 83' lang='lat' dir='ltr'><strong>men</strong></span> <span class='ocrx_word' id='word_1_75' title='bbox 339 1657 451 1716; x_wconf 62' lang='lat' dir='ltr'><strong>beneficii</strong></span> <span class='ocrx_word' id='word_1_76' title='bbox 479 1657 573 1715; x_wconf 84' lang='lat' dir='ltr'><strong>invidia</strong></span> <span class='ocrx_word' id='word_1_77' title='bbox 598 1672 651 1714; x_wconf 78' lang='lat' dir='ltr'><strong>cese</strong></span> <span class='ocrx_word' id='word_1_78' title='bbox 675 1659 792 1721; x_wconf 78' lang='lat' dir='ltr'><strong>glossam.</strong></span> <span class='ocrx_word' id='word_1_79' title='bbox 838 1664 923 1722; x_wconf 63' lang='lat' dir='ltr'><strong>merea</strong></span> <span class='ocrx_word' id='word_1_80' title='bbox 941 1671 993 1714; x_wconf 84' lang='lat' dir='ltr'><strong>esse</strong></span> <span class='ocrx_word' id='word_1_81' title='bbox 1010 1655 1167 1706; x_wconf 83' lang='lat' dir='ltr'><strong>revocabilem</strong></span> <span class='ocrx_word' id='word_1_82' title='bbox 1175 1663 1286 1720; x_wconf 76' lang='lat' dir='ltr'><strong>apparet.</strong></span> <span class='ocrx_word' id='word_1_83' title='bbox 1303 1657 1392 1710; x_wconf 86' lang='lat' dir='ltr'><strong>Domi·</strong></span> 
     </span>
     <span class='ocr_line' id='line_1_11' title="bbox 247 1737 1391 1804; baseline -0.001 -16"><span class='ocrx_word' id='word_1_84' title='bbox 247 1737 336 1796; x_wconf 84' lang='lat' dir='ltr'><strong>Tacito</strong></span> <span class='ocrx_word' id='word_1_85' title='bbox 352 1739 429 1802; x_wconf 81' lang='lat' dir='ltr'><strong>digna</strong></span> <span class='ocrx_word' id='word_1_86' title='bbox 445 1745 516 1791; x_wconf 84' lang='lat' dir='ltr'><strong>sunt:</strong></span> <span class='ocrx_word' id='word_1_87' title='bbox 534 1747 559 1794; x_wconf 87' lang='lat' dir='ltr'><strong>et</strong></span> <span class='ocrx_word' id='word_1_88' title='bbox 572 1738 652 1790; x_wconf 84' lang='lat' dir='ltr'><strong>audiit</strong></span> <span class='ocrx_word' id='word_1_89' title='bbox 658 1753 745 1804; x_wconf 87' lang='lat' dir='ltr'><strong>preces</strong></span> <span class='ocrx_word' id='word_1_90' title='bbox 753 1753 793 1786; x_wconf 81' lang='lat' dir='ltr'><strong>aa·</strong></span> <span class='ocrx_word' id='word_1_91' title='bbox 838 1739 921 1790; x_wconf 85' lang='lat' dir='ltr'><strong>tianae</strong></span> <span class='ocrx_word' id='word_1_92' title='bbox 946 1752 1021 1796; x_wconf 86' lang='lat' dir='ltr'><strong>vero,</strong></span> <span class='ocrx_word' id='word_1_93' title='bbox 1046 1751 1198 1800; x_wconf 79' lang='lat' dir='ltr'><strong>quemquern</strong></span> <span class='ocrx_word' id='word_1_94' title='bbox 1215 1744 1306 1789; x_wconf 82' lang='lat' dir='ltr'><strong>uetare</strong></span> <span class='ocrx_word' id='word_1_95' title='bbox 1320 1751 1391 1801; x_wconf 84' lang='lat' dir='ltr'><strong>prae·</strong></span> 
     </span>
     <span class='ocr_line' id='line_1_12' title="bbox 243 1818 1392 1884; baseline 0.002 -16"><span class='ocrx_word' id='word_1_96' title='bbox 243 1819 368 1880; x_wconf 22' lang='lat' dir='ltr'><strong>lapsantis,</strong></span> <span class='ocrx_word' id='word_1_97' title='bbox 393 1827 418 1868; x_wconf 89' lang='lat' dir='ltr'><strong>et</strong></span> <span class='ocrx_word' id='word_1_98' title='bbox 443 1836 515 1884; x_wconf 82' lang='lat' dir='ltr'><strong>quam</strong></span> <span class='ocrx_word' id='word_1_99' title='bbox 531 1819 669 1878; x_wconf 71' lang='lat' dir='ltr'><strong>annuisset,</strong></span> <span class='ocrx_word' id='word_1_100' title='bbox 686 1818 730 1882; x_wconf 74' lang='lat' dir='ltr'><strong>opi</strong></span> <span class='ocrx_word' id='word_1_101' title='bbox 747 1818 794 1868; x_wconf 77' lang='lat' dir='ltr'><strong>stoi</strong></span> <span class='ocrx_word' id='word_1_102' title='bbox 838 1835 895 1884; x_wconf 85' lang='lat' dir='ltr'><strong>eeps</strong></span> <span class='ocrx_word' id='word_1_103' title='bbox 912 1821 939 1868; x_wconf 88' lang='lat' dir='ltr'><strong>in</strong></span> <span class='ocrx_word' id='word_1_104' title='bbox 956 1820 1107 1878; x_wconf 63' lang='lat' dir='ltr'><strong>arratam</strong></span> <span class='ocrx_word' id='word_1_105' title='bbox 1115 1819 1296 1879; x_wconf 77' lang='lat' dir='ltr'><strong>dissimulabat,</strong></span> <span class='ocrx_word' id='word_1_106' title='bbox 1304 1820 1392 1871; x_wconf 75' lang='lat' dir='ltr'><strong>otium</strong></span> 
     </span>
     <span class='ocr_line' id='line_1_13' title="bbox 241 1900 1392 1965; baseline 0.003 -15"><span class='ocrx_word' id='word_1_107' title='bbox 241 1900 343 1962; x_wconf 61' lang='lat' dir='ltr'><strong>metiar</strong></span> <span class='ocrx_word' id='word_1_108' title='bbox 355 1916 449 1965; x_wconf 79' lang='lat' dir='ltr'><strong>passas</strong></span> <span class='ocrx_word' id='word_1_109' title='bbox 465 1909 515 1960; x_wconf 84' lang='lat' dir='ltr'><strong>est,</strong></span> <span class='ocrx_word' id='word_1_110' title='bbox 533 1900 794 1955; x_wconf 83' lang='lat' dir='ltr'><strong>aecerebait.1nsolo</strong></span> <span class='ocrx_word' id='word_1_111' title='bbox 838 1901 987 1964; x_wconf 76' lang='lat' dir='ltr'><strong>reponebat:</strong></span> <span class='ocrx_word' id='word_1_112' title='bbox 1011 1901 1047 1950; x_wconf 88' lang='lat' dir='ltr'><strong>tta</strong></span> <span class='ocrx_word' id='word_1_113' title='bbox 1062 1901 1156 1961; x_wconf 77' lang='lat' dir='ltr'><strong>odisse,</strong></span> <span class='ocrx_word' id='word_1_114' title='bbox 1174 1901 1251 1963; x_wconf 88' lang='lat' dir='ltr'><strong>vulgo</strong></span> <span class='ocrx_word' id='word_1_115' title='bbox 1266 1915 1319 1953; x_wconf 86' lang='lat' dir='ltr'><strong>non</strong></span> <span class='ocrx_word' id='word_1_116' title='bbox 1335 1915 1392 1964; x_wconf 57' lang='lat' dir='ltr'><strong>pro,-</strong></span> 
     </span>
     <span class='ocr_line' id='line_1_14' title="bbox 243 1980 1389 2044; baseline 0.003 -16"><span class='ocrx_word' id='word_1_117' title='bbox 243 1980 793 2044; x_wconf 77' lang='lat' dir='ltr'><strong>boaverboerubuit,itainlineposito‚longe</strong></span> <span class='ocrx_word' id='word_1_118' title='bbox 838 1983 921 2044; x_wconf 80' lang='lat' dir='ltr'><strong>prium</strong></span> <span class='ocrx_word' id='word_1_119' title='bbox 936 1987 973 2036; x_wconf 79' lang='lat' dir='ltr'><strong>est</strong></span> <span class='ocrx_word' id='word_1_120' title='bbox 990 1981 1086 2043; x_wconf 85' lang='lat' dir='ltr'><strong>ingenii</strong></span> <span class='ocrx_word' id='word_1_121' title='bbox 1101 1981 1221 2040; x_wconf 81' lang='lat' dir='ltr'><strong>humani,</strong></span> <span class='ocrx_word' id='word_1_122' title='bbox 1239 1983 1284 2032; x_wconf 88' lang='lat' dir='ltr'><strong>sed</strong></span> <span class='ocrx_word' id='word_1_123' title='bbox 1301 1981 1389 2038; x_wconf 84' lang='lat' dir='ltr'><strong>Dorni·</strong></span> 
     </span>
     <span class='ocr_line' id='line_1_15' title="bbox 240 2062 1390 2126; baseline 0.002 -14"><span class='ocrx_word' id='word_1_124' title='bbox 240 2062 324 2122; x_wconf 84' lang='lat' dir='ltr'><strong>maior</strong></span> <span class='ocrx_word' id='word_1_125' title='bbox 347 2063 387 2112; x_wconf 83' lang='lat' dir='ltr'><strong>vis</strong></span> <span class='ocrx_word' id='word_1_126' title='bbox 408 2068 523 2126; x_wconf 76' lang='lat' dir='ltr'><strong>apparet,</strong></span> <span class='ocrx_word' id='word_1_127' title='bbox 540 2077 617 2125; x_wconf 86' lang='lat' dir='ltr'><strong>quam</strong></span> <span class='ocrx_word' id='word_1_128' title='bbox 633 2063 659 2114; x_wconf 90' lang='lat' dir='ltr'><strong>iu</strong></span> <span class='ocrx_word' id='word_1_129' title='bbox 676 2063 793 2120; x_wconf 82' lang='lat' dir='ltr'><strong>omnibus</strong></span> <span class='ocrx_word' id='word_1_130' title='bbox 838 2063 915 2122; x_wconf 82' lang='lat' dir='ltr'><strong>¹tiani,</strong></span> <span class='ocrx_word' id='word_1_131' title='bbox 940 2069 964 2112; x_wconf 87' lang='lat' dir='ltr'><strong>et</strong></span> <span class='ocrx_word' id='word_1_132' title='bbox 985 2077 1121 2124; x_wconf 83' lang='lat' dir='ltr'><strong>paucorum</strong></span> <span class='ocrx_word' id='word_1_133' title='bbox 1145 2064 1169 2114; x_wconf 87' lang='lat' dir='ltr'><strong>ei</strong></span> <span class='ocrx_word' id='word_1_134' title='bbox 1185 2063 1316 2118; x_wconf 79' lang='lat' dir='ltr'><strong>similium.</strong></span> <span class='ocrx_word' id='word_1_135' title='bbox 1350 2062 1390 2117; x_wconf 82' lang='lat' dir='ltr'><strong>Hi</strong></span> 
     </span>
     <span class='ocr_line' id='line_1_16' title="bbox 242 2143 1321 2206; baseline 0 -12"><span class='ocrx_word' id='word_1_136' title='bbox 242 2143 425 2202; x_wconf 80' lang='lat' dir='ltr'><strong>additamentis.</strong></span> <span class='ocrx_word' id='word_1_137' title='bbox 444 2144 593 2206; x_wconf 80' lang='lat' dir='ltr'><strong>Quicunque</strong></span> <span class='ocrx_word' id='word_1_138' title='bbox 605 2143 667 2196; x_wconf 83' lang='lat' dir='ltr'><strong>bseo</strong></span> <span class='ocrx_word' id='word_1_139' title='bbox 674 2143 793 2200; x_wconf 81' lang='lat' dir='ltr'><strong>alterooe</strong></span> <span class='ocrx_word' id='word_1_140' title='bbox 837 2143 999 2198; x_wconf 74' lang='lat' dir='ltr'><strong>vehementer</strong></span> <span class='ocrx_word' id='word_1_141' title='bbox 1014 2143 1120 2197; x_wconf 85' lang='lat' dir='ltr'><strong>oderunt</strong></span> <span class='ocrx_word' id='word_1_142' title='bbox 1136 2144 1195 2196; x_wconf 83' lang='lat' dir='ltr'><strong>odio</strong></span> <span class='ocrx_word' id='word_1_143' title='bbox 1211 2150 1321 2194; x_wconf 86' lang='lat' dir='ltr'><strong>aeterno.</strong></span> 
     </span>
     <span class='ocr_line' id='line_1_17' title="bbox 243 2220 1389 2287; baseline 0.003 -18"><span class='ocrx_word' id='word_1_144' title='bbox 243 2222 341 2281; x_wconf 85' lang='lat' dir='ltr'><strong>recitet,</strong></span> <span class='ocrx_word' id='word_1_145' title='bbox 351 2223 793 2287; x_wconf 80' lang='lat' dir='ltr'><strong>illqmpersentiscereoportet,quid</strong></span> <span class='ocrx_word' id='word_1_146' title='bbox 871 2222 1060 2286; x_wconf 84' lang='lat' dir='ltr'><strong>Prudentiaqae</strong></span> <span class='ocrx_word' id='word_1_147' title='bbox 1085 2220 1220 2286; x_wconf 80' lang='lat' dir='ltr'><strong>Aprioolae</strong></span> <span class='ocrx_word' id='word_1_148' title='bbox 1244 2222 1389 2279; x_wconf 76' lang='lat' dir='ltr'><strong>leniebatur.</strong></span> 
     </span>
     <span class='ocr_line' id='line_1_18' title="bbox 243 2302 1390 2370; baseline 0.002 -18"><span class='ocrx_word' id='word_1_149' title='bbox 243 2303 275 2352; x_wconf 90' lang='lat' dir='ltr'><strong>sit</strong></span> <span class='ocrx_word' id='word_1_150' title='bbox 291 2302 373 2354; x_wconf 85' lang='lat' dir='ltr'><strong>audiit</strong></span> <span class='ocrx_word' id='word_1_151' title='bbox 392 2319 495 2368; x_wconf 83' lang='lat' dir='ltr'><strong>preces,</strong></span> <span class='ocrx_word' id='word_1_152' title='bbox 512 2303 615 2364; x_wconf 80' lang='lat' dir='ltr'><strong>ananit,</strong></span> <span class='ocrx_word' id='word_1_153' title='bbox 631 2303 729 2368; x_wconf 80' lang='lat' dir='ltr'><strong>pratias</strong></span> <span class='ocrx_word' id='word_1_154' title='bbox 745 2303 792 2354; x_wconf 87' lang='lat' dir='ltr'><strong>sibi</strong></span> <span class='ocrx_word' id='word_1_155' title='bbox 837 2304 922 2368; x_wconf 83' lang='lat' dir='ltr'><strong>Nepos</strong></span> <span class='ocrx_word' id='word_1_156' title='bbox 939 2307 965 2354; x_wconf 87' lang='lat' dir='ltr'><strong>ia</strong></span> <span class='ocrx_word' id='word_1_157' title='bbox 982 2305 1066 2356; x_wconf 90' lang='lat' dir='ltr'><strong>Dlone</strong></span> <span class='ocrx_word' id='word_1_158' title='bbox 1082 2309 1106 2354; x_wconf 87' lang='grc'><strong>6.</strong></span> <span class='ocrx_word' id='word_1_159' title='bbox 1124 2303 1250 2357; x_wconf 84' lang='lat' dir='ltr'><strong>Haoeilie</strong></span> <span class='ocrx_word' id='word_1_160' title='bbox 1260 2304 1390 2370; x_wconf 82' lang='lat' dir='ltr'><strong>(invidiam</strong></span> 
     </span>
     <span class='ocr_line' id='line_1_19' title="bbox 243 2383 1393 2451; baseline 0.002 -17"><span class='ocrx_word' id='word_1_161' title='bbox 243 2385 286 2449; x_wconf 76' lang='lat' dir='ltr'><strong>opt</strong></span> <span class='ocrx_word' id='word_1_162' title='bbox 299 2383 446 2450; x_wconf 73' lang='lat' dir='ltr'><strong>passas&#39;est</strong></span> <span class='ocrx_word' id='word_1_163' title='bbox 462 2413 496 2422; x_wconf 92' lang='lat'>-</span> <span class='ocrx_word' id='word_1_164' title='bbox 512 2399 555 2434; x_wconf 85' lang='lat' dir='ltr'><strong>nec</strong></span> <span class='ocrx_word' id='word_1_165' title='bbox 572 2385 676 2441; x_wconf 79' lang='lat' dir='ltr'><strong>erubuit.</strong></span> <span class='ocrx_word' id='word_1_166' title='bbox 837 2386 853 2435; x_wconf 88' lang='lat' dir='ltr'><strong>i.</strong></span> <span class='ocrx_word' id='word_1_167' title='bbox 879 2400 902 2436; x_wconf 91' lang='lat' dir='ltr'><strong>e.</strong></span> <span class='ocrx_word' id='word_1_168' title='bbox 927 2385 1024 2451; x_wconf 85' lang='lat' dir='ltr'><strong>odium)</strong></span> <span class='ocrx_word' id='word_1_169' title='bbox 1049 2402 1095 2444; x_wconf 84' lang='lat' dir='ltr'><strong>non</strong></span> <span class='ocrx_word' id='word_1_170' title='bbox 1112 2384 1188 2434; x_wconf 85' lang='lat' dir='ltr'><strong>lenire</strong></span> <span class='ocrx_word' id='word_1_171' title='bbox 1205 2385 1326 2450; x_wconf 85' lang='lat' dir='ltr'><strong>obsequio,</strong></span> <span class='ocrx_word' id='word_1_172' title='bbox 1343 2386 1393 2439; x_wconf 83' lang='lat' dir='ltr'><strong>sed</strong></span> 
     </span>
     <span class='ocr_line' id='line_1_20' title="bbox 276 2463 1246 2531; baseline 0.004 -19"><span class='ocrx_word' id='word_1_173' title='bbox 276 2463 414 2531; x_wconf 67' lang='lat' dir='ltr'><strong>Propriam</strong></span> <span class='ocrx_word' id='word_1_174' title='bbox 437 2465 536 2522; x_wconf 71' lang='lat' dir='ltr'><strong>tonan</strong></span> <span class='ocrx_word' id='word_1_175' title='bbox 551 2465 642 2531; x_wconf 75' lang='lat' dir='ltr'><strong>inperii</strong></span> <span class='ocrx_word' id='word_1_176' title='bbox 658 2473 695 2519; x_wconf 81' lang='lat' dir='ltr'><strong>ast</strong></span> <span class='ocrx_word' id='word_1_177' title='bbox 711 2464 791 2520; x_wconf 83' lang='lat' dir='ltr'><strong>odisse</strong></span> <span class='ocrx_word' id='word_1_178' title='bbox 836 2465 972 2524; x_wconf 71' lang='lat' dir='ltr'><strong>acerbitate</strong></span> <span class='ocrx_word' id='word_1_179' title='bbox 988 2465 1126 2530; x_wconf 82' lang='lat' dir='ltr'><strong>opprimere</strong></span> <span class='ocrx_word' id='word_1_180' title='bbox 1142 2465 1246 2516; x_wconf 76' lang='lat' dir='ltr'><strong>studuit.</strong></span> 
     </span>
    </p>

    <p class='ocr_par' dir='ltr' id='par_1_4' title="bbox 212 2544 1398 4155">
     <span class='ocr_line' id='line_1_21' title="bbox 244 2544 1384 2610; baseline 0.005 -18"><span class='ocrx_word' id='word_1_181' title='bbox 244 2561 314 2608; x_wconf 82' lang='lat' dir='ltr'><strong>quent</strong></span> <span class='ocrx_word' id='word_1_182' title='bbox 338 2545 449 2604; x_wconf 77' lang='lat' dir='ltr'><strong>lasseris.</strong></span> <span class='ocrx_word' id='word_1_183' title='bbox 477 2545 562 2603; x_wconf 78' lang='lat' dir='ltr'><strong>Odisse</strong></span> <span class='ocrx_word' id='word_1_184' title='bbox 578 2561 651 2610; x_wconf 75' lang='lat' dir='ltr'><strong>saepe</strong></span> <span class='ocrx_word' id='word_1_185' title='bbox 667 2547 791 2609; x_wconf 75' lang='lat' dir='ltr'><strong>signifieat</strong></span> <span class='ocrx_word' id='word_1_186' title='bbox 871 2544 963 2602; x_wconf 71' lang='lat' dir='ltr'><strong>(laibos</strong></span> <span class='ocrx_word' id='word_1_187' title='bbox 979 2548 1054 2604; x_wconf 76' lang='lat' dir='ltr'><strong>neoris</strong></span> <span class='ocrx_word' id='word_1_188' title='bbox 1062 2555 1098 2596; x_wconf 88' lang='lat' dir='ltr'><strong>est</strong></span> <span class='ocrx_word' id='word_1_189' title='bbox 1107 2547 1198 2598; x_wconf 85' lang='lat' dir='ltr'><strong>illicita</strong></span> <span class='ocrx_word' id='word_1_190' title='bbox 1206 2547 1303 2604; x_wconf 79' lang='lat' dir='ltr'><strong>miraei,</strong></span> <span class='ocrx_word' id='word_1_191' title='bbox 1313 2547 1384 2604; x_wconf 71' lang='lat' dir='ltr'><strong>Non·</strong></span> 
     </span>
     <span class='ocr_line' id='line_1_22' title="bbox 212 2629 1389 2694; baseline 0.002 -16"><span class='ocrx_word' id='word_1_192' title='bbox 212 2678 216 2683; x_wconf 79' lang='grc'><strong>,</strong></span> <span class='ocrx_word' id='word_1_193' title='bbox 243 2641 295 2678; x_wconf 87' lang='lat' dir='ltr'><strong>non</strong></span> <span class='ocrx_word' id='word_1_194' title='bbox 313 2641 409 2690; x_wconf 67' lang='lat' dir='ltr'><strong>amus,</strong></span> <span class='ocrx_word' id='word_1_195' title='bbox 426 2641 508 2690; x_wconf 88' lang='lat' dir='ltr'><strong>neque</strong></span> <span class='ocrx_word' id='word_1_196' title='bbox 524 2641 621 2694; x_wconf 79' lang='lat' dir='ltr'><strong>semper</strong></span> <span class='ocrx_word' id='word_1_197' title='bbox 637 2629 790 2691; x_wconf 84' lang='lat' dir='ltr'><strong>illud,quod</strong></span> <span class='ocrx_word' id='word_1_198' title='bbox 835 2629 899 2679; x_wconf 87' lang='lat' dir='ltr'><strong>nulli</strong></span> <span class='ocrx_word' id='word_1_199' title='bbox 915 2635 1013 2678; x_wconf 88' lang='lat' dir='ltr'><strong>tautum</strong></span> <span class='ocrx_word' id='word_1_200' title='bbox 1029 2629 1152 2686; x_wconf 82' lang='lat' dir='ltr'><strong>mirentur</strong></span> <span class='ocrx_word' id='word_1_201' title='bbox 1168 2635 1193 2680; x_wconf 87' lang='lat' dir='ltr'><strong>ot</strong></span> <span class='ocrx_word' id='word_1_202' title='bbox 1209 2643 1315 2692; x_wconf 81' lang='lat' dir='ltr'><strong>magnos</strong></span> <span class='ocrx_word' id='word_1_203' title='bbox 1332 2643 1389 2680; x_wconf 82' lang='lat' dir='ltr'><strong>esse</strong></span> 
     </span>
     <span class='ocr_line' id='line_1_23' title="bbox 243 2707 1388 2774; baseline 0.001 -16"><span class='ocrx_word' id='word_1_204' title='bbox 243 2715 329 2762; x_wconf 83' lang='lat' dir='ltr'><strong>nostra</strong></span> <span class='ocrx_word' id='word_1_205' title='bbox 352 2708 440 2770; x_wconf 82' lang='lat' dir='ltr'><strong>lingua</strong></span> <span class='ocrx_word' id='word_1_206' title='bbox 463 2709 615 2770; x_wconf 83' lang='lat' dir='ltr'><strong>cogitamus,</strong></span> <span class='ocrx_word' id='word_1_207' title='bbox 637 2723 715 2771; x_wconf 89' lang='lat' dir='ltr'><strong>quum</strong></span> <span class='ocrx_word' id='word_1_208' title='bbox 731 2707 790 2756; x_wconf 88' lang='lat' dir='ltr'><strong>dici·</strong></span> <span class='ocrx_word' id='word_1_209' title='bbox 834 2709 902 2768; x_wconf 79' lang='lat' dir='ltr'><strong>viros</strong></span> <span class='ocrx_word' id='word_1_210' title='bbox 926 2711 1049 2770; x_wconf 72' lang='lat' dir='ltr'><strong>indicant,</strong></span> <span class='ocrx_word' id='word_1_211' title='bbox 1073 2710 1117 2774; x_wconf 90' lang='lat' dir='ltr'><strong>qui</strong></span> <span class='ocrx_word' id='word_1_212' title='bbox 1142 2711 1188 2764; x_wconf 86' lang='lat' dir='ltr'><strong>sub</strong></span> <span class='ocrx_word' id='word_1_213' title='bbox 1205 2711 1278 2762; x_wconf 83' lang='lat' dir='ltr'><strong>malie</strong></span> <span class='ocrx_word' id='word_1_214' title='bbox 1295 2711 1388 2774; x_wconf 86' lang='lat' dir='ltr'><strong>princi-</strong></span> 
     </span>
     <span class='ocr_line' id='line_1_24' title="bbox 241 2787 1387 2854; baseline 0.001 -17"><span class='ocrx_word' id='word_1_215' title='bbox 241 2801 298 2837; x_wconf 86' lang='lat' dir='ltr'><strong>mus</strong></span> <span class='ocrx_word' id='word_1_216' title='bbox 322 2787 365 2838; x_wconf 85' lang='lat' dir='ltr'><strong>odi</strong></span> <span class='ocrx_word' id='word_1_217' title='bbox 389 2803 448 2840; x_wconf 80' lang='lat' dir='ltr'><strong>suat.</strong></span> <span class='ocrx_word' id='word_1_218' title='bbox 475 2789 585 2846; x_wconf 85' lang='lat' dir='ltr'><strong>Martiel.</strong></span> <span class='ocrx_word' id='word_1_219' title='bbox 603 2789 689 2851; x_wconf 76' lang='lat' dir='ltr'><strong>Epigr.</strong></span> <span class='ocrx_word' id='word_1_220' title='bbox 707 2787 730 2837; x_wconf 91' lang='grc' dir='ltr'><strong>Ι.</strong></span> <span class='ocrx_word' id='word_1_221' title='bbox 748 2792 789 2836; x_wconf 82' lang='grc'><strong>33.</strong></span> <span class='ocrx_word' id='word_1_222' title='bbox 835 2790 907 2852; x_wconf 87' lang='lat' dir='ltr'><strong>pibus</strong></span> <span class='ocrx_word' id='word_1_223' title='bbox 931 2790 1038 2850; x_wconf 84' lang='lat' dir='ltr'><strong>iaciunt,</strong></span> <span class='ocrx_word' id='word_1_224' title='bbox 1063 2792 1131 2854; x_wconf 80' lang='lat' dir='ltr'><strong>quod</strong></span> <span class='ocrx_word' id='word_1_225' title='bbox 1147 2807 1199 2840; x_wconf 92' lang='lat' dir='ltr'><strong>non</strong></span> <span class='ocrx_word' id='word_1_226' title='bbox 1216 2791 1314 2846; x_wconf 84' lang='lat' dir='ltr'><strong>licitum</strong></span> <span class='ocrx_word' id='word_1_227' title='bbox 1331 2799 1387 2848; x_wconf 67' lang='lat' dir='ltr'><strong>eret</strong></span> 
     </span>
     <span class='ocr_line' id='line_1_25' title="bbox 243 2866 1388 2935; baseline 0.004 -15"><span class='ocrx_word' id='word_1_228' title='bbox 243 2867 304 2923; x_wconf 82' lang='lat' dir='ltr'><strong>Noa</strong></span> <span class='ocrx_word' id='word_1_229' title='bbox 327 2885 381 2918; x_wconf 88' lang='lat' dir='ltr'><strong>amo</strong></span> <span class='ocrx_word' id='word_1_230' title='bbox 408 2877 444 2930; x_wconf 87' lang='lat' dir='ltr'><strong>te,</strong></span> <span class='ocrx_word' id='word_1_231' title='bbox 462 2866 565 2930; x_wconf 69' lang='lat' dir='ltr'><strong>satta,</strong></span> <span class='ocrx_word' id='word_1_232' title='bbox 582 2885 625 2920; x_wconf 82' lang='lat' dir='ltr'><strong>aec</strong></span> <span class='ocrx_word' id='word_1_233' title='bbox 638 2884 738 2934; x_wconf 85' lang='lat' dir='ltr'><strong>possam</strong></span> <span class='ocrx_word' id='word_1_234' title='bbox 754 2867 790 2918; x_wconf 90' lang='lat' dir='ltr'><strong>di·</strong></span> <span class='ocrx_word' id='word_1_235' title='bbox 835 2871 884 2920; x_wconf 86' lang='lat' dir='ltr'><strong>nisi</strong></span> <span class='ocrx_word' id='word_1_236' title='bbox 906 2871 932 2919; x_wconf 91' lang='lat' dir='ltr'><strong>in</strong></span> <span class='ocrx_word' id='word_1_237' title='bbox 949 2873 1028 2929; x_wconf 86' lang='lat' dir='ltr'><strong>libere</strong></span> <span class='ocrx_word' id='word_1_238' title='bbox 1042 2873 1176 2935; x_wconf 78' lang='lat' dir='ltr'><strong>republica.</strong></span> <span class='ocrx_word' id='word_1_239' title='bbox 1194 2872 1232 2926; x_wconf 75' lang='lat' dir='ltr'><strong>Hi</strong></span> <span class='ocrx_word' id='word_1_240' title='bbox 1248 2873 1344 2934; x_wconf 80' lang='lat' dir='ltr'><strong>scient,</strong></span> <span class='ocrx_word' id='word_1_241' title='bbox 1361 2882 1388 2926; x_wconf 88' lang='lat' dir='ltr'><strong>et</strong></span> 
     </span>
     <span class='ocr_line' id='line_1_26' title="bbox 242 2949 1389 3018; baseline 0.005 -20"><span class='ocrx_word' id='word_1_242' title='bbox 242 2965 296 3002; x_wconf 84' lang='lat' dir='ltr'><strong>cere</strong></span> <span class='ocrx_word' id='word_1_243' title='bbox 312 2966 398 3016; x_wconf 81' lang='lat' dir='ltr'><strong>quare.</strong></span> <span class='ocrx_word' id='word_1_244' title='bbox 416 2949 474 3011; x_wconf 77' lang='lat' dir='ltr'><strong>Hoc</strong></span> <span class='ocrx_word' id='word_1_245' title='bbox 488 2959 685 3018; x_wconf 77' lang='lat' dir='ltr'><strong>tantampassarn</strong></span> <span class='ocrx_word' id='word_1_246' title='bbox 693 2949 789 2999; x_wconf 81' lang='lat' dir='ltr'><strong>dicerer</strong></span> <span class='ocrx_word' id='word_1_247' title='bbox 835 2953 952 3016; x_wconf 82' lang='lat' dir='ltr'><strong>exemplo</strong></span> <span class='ocrx_word' id='word_1_248' title='bbox 982 2953 1117 3017; x_wconf 76' lang='lat' dir='ltr'><strong>Agricolae</strong></span> <span class='ocrx_word' id='word_1_249' title='bbox 1141 2955 1253 3012; x_wconf 68' lang='lat' dir='ltr'><strong>discam,</strong></span> <span class='ocrx_word' id='word_1_250' title='bbox 1279 2969 1389 3018; x_wconf 78' lang='lat' dir='ltr'><strong>megene</strong></span> 
     </span>
     <span class='ocr_line' id='line_1_27' title="bbox 241 3028 1388 3098; baseline 0.002 -14"><span class='ocrx_word' id='word_1_251' title='bbox 241 3049 288 3094; x_wconf 83' lang='lat' dir='ltr'><strong>non</strong></span> <span class='ocrx_word' id='word_1_252' title='bbox 302 3049 356 3084; x_wconf 85' lang='lat' dir='ltr'><strong>arno</strong></span> <span class='ocrx_word' id='word_1_253' title='bbox 373 3042 404 3092; x_wconf 67' lang='lat' dir='ltr'><strong>te,</strong></span> <span class='ocrx_word' id='word_1_254' title='bbox 427 3031 682 3097; x_wconf 76' lang='lat' dir='ltr'><strong>Catull.1lpigr.83.</strong></span> <span class='ocrx_word' id='word_1_255' title='bbox 707 3028 753 3084; x_wconf 84' lang='lat' dir='ltr'><strong>Odi</strong></span> <span class='ocrx_word' id='word_1_256' title='bbox 766 3039 790 3089; x_wconf 84' lang='lat' dir='ltr'><strong>et</strong></span> <span class='ocrx_word' id='word_1_257' title='bbox 834 3049 932 3098; x_wconf 86' lang='lat' dir='ltr'><strong>quoque</strong></span> <span class='ocrx_word' id='word_1_258' title='bbox 956 3035 1024 3084; x_wconf 74' lang='lat' dir='ltr'><strong>viros</strong></span> <span class='ocrx_word' id='word_1_259' title='bbox 1050 3049 1116 3095; x_wconf 86' lang='lat' dir='ltr'><strong>csse,</strong></span> <span class='ocrx_word' id='word_1_260' title='bbox 1141 3035 1186 3098; x_wconf 85' lang='lat' dir='ltr'><strong>qui</strong></span> <span class='ocrx_word' id='word_1_261' title='bbox 1201 3035 1261 3084; x_wconf 88' lang='lat' dir='ltr'><strong>licet</strong></span> <span class='ocrx_word' id='word_1_262' title='bbox 1276 3037 1388 3098; x_wconf 69' lang='lat' dir='ltr'><strong>gloriose</strong></span> 
     </span>
     <span class='ocr_line' id='line_1_28' title="bbox 241 3113 1398 3188; baseline 0.003 -25"><span class='ocrx_word' id='word_1_263' title='bbox 241 3130 312 3163; x_wconf 80' lang='lat' dir='ltr'><strong>ama:</strong></span> <span class='ocrx_word' id='word_1_264' title='bbox 332 3129 410 3178; x_wconf 82' lang='lat' dir='ltr'><strong>quare</strong></span> <span class='ocrx_word' id='word_1_265' title='bbox 426 3113 455 3164; x_wconf 83' lang='lat' dir='ltr'><strong>id</strong></span> <span class='ocrx_word' id='word_1_266' title='bbox 463 3115 565 3181; x_wconf 84' lang='lat' dir='ltr'><strong>seciam</strong></span> <span class='ocrx_word' id='word_1_267' title='bbox 575 3117 693 3180; x_wconf 84' lang='lat' dir='ltr'><strong>sortasse</strong></span> <span class='ocrx_word' id='word_1_268' title='bbox 709 3113 791 3176; x_wconf 77' lang='lat' dir='ltr'><strong>requi·</strong></span> <span class='ocrx_word' id='word_1_269' title='bbox 833 3123 914 3164; x_wconf 83' lang='lat' dir='ltr'><strong>morte</strong></span> <span class='ocrx_word' id='word_1_270' title='bbox 939 3130 990 3188; x_wconf 81' lang='lat' dir='ltr'><strong>pon</strong></span> <span class='ocrx_word' id='word_1_271' title='bbox 1015 3115 1190 3175; x_wconf 74' lang='lat' dir='ltr'><strong>inclaruerint,</strong></span> <span class='ocrx_word' id='word_1_272' title='bbox 1215 3118 1335 3180; x_wconf 88' lang='lat' dir='ltr'><strong>obsequio</strong></span> <span class='ocrx_word' id='word_1_273' title='bbox 1360 3125 1398 3170; x_wconf 87' lang='lat' dir='ltr'><strong>et·</strong></span> 
     </span>
     <span class='ocr_line' id='line_1_29' title="bbox 241 3193 1387 3265; baseline 0.003 -21"><span class='ocrx_word' id='word_1_274' title='bbox 241 3195 287 3250; x_wconf 79' lang='lat' dir='ltr'><strong>ris.</strong></span> <span class='ocrx_word' id='word_1_275' title='bbox 305 3193 412 3254; x_wconf 82' lang='lat' dir='ltr'><strong>Nescio,</strong></span> <span class='ocrx_word' id='word_1_276' title='bbox 430 3193 474 3244; x_wconf 88' lang='lat' dir='ltr'><strong>sed</strong></span> <span class='ocrx_word' id='word_1_277' title='bbox 484 3195 548 3255; x_wconf 78' lang='lat' dir='ltr'><strong>fieri</strong></span> <span class='ocrx_word' id='word_1_278' title='bbox 564 3195 655 3252; x_wconf 84' lang='lat' dir='ltr'><strong>sentio,</strong></span> <span class='ocrx_word' id='word_1_279' title='bbox 672 3201 696 3242; x_wconf 90' lang='lat' dir='ltr'><strong>et</strong></span> <span class='ocrx_word' id='word_1_280' title='bbox 705 3208 789 3252; x_wconf 73' lang='lat' dir='ltr'><strong>escra-</strong></span> <span class='ocrx_word' id='word_1_281' title='bbox 835 3196 971 3256; x_wconf 69' lang='lat' dir='ltr'><strong>modestis,</strong></span> <span class='ocrx_word' id='word_1_282' title='bbox 1002 3211 1061 3244; x_wconf 87' lang='lat' dir='ltr'><strong>cum</strong></span> <span class='ocrx_word' id='word_1_283' title='bbox 1093 3197 1195 3265; x_wconf 65' lang='lat' dir='ltr'><strong>vigore</strong></span> <span class='ocrx_word' id='word_1_284' title='bbox 1212 3203 1237 3248; x_wconf 86' lang='lat' dir='ltr'><strong>et</strong></span> <span class='ocrx_word' id='word_1_285' title='bbox 1262 3198 1387 3250; x_wconf 78' lang='lat' dir='ltr'><strong>industrie</strong></span> 
     </span>
     <span class='ocr_line' id='line_1_30' title="bbox 242 3275 1386 3340; baseline 0.009 -18"><span class='ocrx_word' id='word_1_286' title='bbox 242 3275 303 3324; x_wconf 79' lang='lat' dir='ltr'><strong>otor.</strong></span> <span class='ocrx_word' id='word_1_287' title='bbox 330 3275 396 3325; x_wconf 83' lang='lat' dir='ltr'><strong>Fere</strong></span> <span class='ocrx_word' id='word_1_288' title='bbox 419 3282 448 3335; x_wconf 81' lang='lat' dir='ltr'><strong>nt</strong></span> <span class='ocrx_word' id='word_1_289' title='bbox 465 3277 554 3336; x_wconf 70' lang='lat' dir='ltr'><strong>praetr</strong></span> <span class='ocrx_word' id='word_1_290' title='bbox 573 3277 600 3334; x_wconf 74' lang='lat' dir='ltr'><strong>in</strong></span> <span class='ocrx_word' id='word_1_291' title='bbox 617 3275 688 3323; x_wconf 84' lang='lat' dir='ltr'><strong>libris</strong></span> <span class='ocrx_word' id='word_1_292' title='bbox 705 3275 788 3330; x_wconf 85' lang='lat' dir='ltr'><strong>sacris.</strong></span> <span class='ocrx_word' id='word_1_293' title='bbox 834 3277 939 3336; x_wconf 83' lang='lat' dir='ltr'><strong>iunctis,</strong></span> <span class='ocrx_word' id='word_1_294' title='bbox 956 3291 1008 3332; x_wconf 87' lang='lat' dir='ltr'><strong>non</strong></span> <span class='ocrx_word' id='word_1_295' title='bbox 1025 3277 1122 3332; x_wconf 80' lang='lat' dir='ltr'><strong>minore</strong></span> <span class='ocrx_word' id='word_1_296' title='bbox 1138 3277 1212 3332; x_wconf 84' lang='lat' dir='ltr'><strong>laude</strong></span> <span class='ocrx_word' id='word_1_297' title='bbox 1228 3277 1301 3340; x_wconf 80' lang='lat' dir='ltr'><strong>digni</strong></span> <span class='ocrx_word' id='word_1_298' title='bbox 1317 3286 1386 3332; x_wconf 78' lang='lat' dir='ltr'><strong>snut.</strong></span> 
     </span>
     <span class='ocr_line' id='line_1_31' title="bbox 242 3353 1386 3422; baseline 0 -16"><span class='ocrx_word' id='word_1_299' title='bbox 242 3357 334 3418; x_wconf 78' lang='lat' dir='ltr'><strong>Metili.</strong></span> <span class='ocrx_word' id='word_1_300' title='bbox 353 3357 402 3408; x_wconf 84' lang='lat' dir='ltr'><strong>VI.</strong></span> <span class='ocrx_word' id='word_1_301' title='bbox 421 3362 461 3408; x_wconf 80' lang='lat'><strong>24.</strong></span> <span class='ocrx_word' id='word_1_302' title='bbox 476 3355 573 3414; x_wconf 71' lang='grc' dir='ltr'><strong>οὐδεὶς</strong></span> <span class='ocrx_word' id='word_1_303' title='bbox 591 3354 713 3412; x_wconf 74' lang='lat' dir='ltr'><strong>divavar</strong></span> <span class='ocrx_word' id='word_1_304' title='bbox 724 3353 789 3414; x_wconf 79' lang='lat' dir='ltr'><strong>doci</strong></span> <span class='ocrx_word' id='word_1_305' title='bbox 835 3357 948 3412; x_wconf 75' lang='lat' dir='ltr'><strong>Fuerunt</strong></span> <span class='ocrx_word' id='word_1_306' title='bbox 969 3357 1085 3417; x_wconf 75' lang='lat' dir='ltr'><strong>rorasse,</strong></span> <span class='ocrx_word' id='word_1_307' title='bbox 1102 3358 1146 3422; x_wconf 85' lang='lat' dir='ltr'><strong>qui</strong></span> <span class='ocrx_word' id='word_1_308' title='bbox 1164 3358 1313 3420; x_wconf 76' lang='lat' dir='ltr'><strong>Agricolam</strong></span> <span class='ocrx_word' id='word_1_309' title='bbox 1329 3375 1386 3422; x_wconf 75' lang='lat' dir='ltr'><strong>pro·</strong></span> 
     </span>
     <span class='ocr_line' id='line_1_32' title="bbox 241 3431 1385 3504; baseline 0.002 -16"><span class='ocrx_word' id='word_1_310' title='bbox 241 3438 342 3504; x_wconf 67' lang='lat' dir='ltr'><strong>raptore</strong></span> <span class='ocrx_word' id='word_1_311' title='bbox 369 3439 522 3492; x_wconf 65' lang='lat' dir='ltr'><strong>doctricis·</strong></span> <span class='ocrx_word' id='word_1_312' title='bbox 547 3439 564 3504; x_wconf 80' lang='grc' dir='ltr'><strong><em>ἢ</em></strong></span> <span class='ocrx_word' id='word_1_313' title='bbox 589 3438 641 3504; x_wconf 66' lang='grc' dir='ltr'><strong>γὰρ</strong></span> <span class='ocrx_word' id='word_1_314' title='bbox 668 3437 716 3494; x_wconf 73' lang='lat' dir='ltr'><strong>ebe</strong></span> <span class='ocrx_word' id='word_1_315' title='bbox 742 3431 790 3494; x_wconf 60' lang='grc' dir='ltr'><strong>ἕνα</strong></span> <span class='ocrx_word' id='word_1_316' title='bbox 834 3443 888 3500; x_wconf 87' lang='lat' dir='ltr'><strong>pter</strong></span> <span class='ocrx_word' id='word_1_317' title='bbox 912 3439 1057 3502; x_wconf 84' lang='lat' dir='ltr'><strong>obsequium</strong></span> <span class='ocrx_word' id='word_1_318' title='bbox 1075 3445 1099 3488; x_wconf 90' lang='lat' dir='ltr'><strong>et</strong></span> <span class='ocrx_word' id='word_1_319' title='bbox 1112 3439 1261 3494; x_wconf 79' lang='lat' dir='ltr'><strong>modestiam</strong></span> <span class='ocrx_word' id='word_1_320' title='bbox 1273 3446 1385 3492; x_wconf 66' lang='lat' dir='ltr'><strong>anuum·</strong></span> 
     </span>
     <span class='ocr_line' id='line_1_33' title="bbox 236 3517 1383 3587; baseline 0 -17"><span class='ocrx_word' id='word_1_321' title='bbox 236 3523 363 3586; x_wconf 71' lang='lat' dir='ltr'><strong>proniora,</strong></span> <span class='ocrx_word' id='word_1_322' title='bbox 389 3521 438 3576; x_wconf 75' lang='lat' dir='ltr'><strong>nal</strong></span> <span class='ocrx_word' id='word_1_323' title='bbox 459 3523 509 3576; x_wconf 76' lang='lat' dir='ltr'><strong>aba</strong></span> <span class='ocrx_word' id='word_1_324' title='bbox 527 3517 622 3587; x_wconf 71' lang='grc' dir='ltr'><strong>ἕτερον</strong></span> <span class='ocrx_word' id='word_1_325' title='bbox 643 3519 787 3585; x_wconf 65' lang='lat' dir='ltr'><strong>detersisse,</strong></span> <span class='ocrx_word' id='word_1_326' title='bbox 833 3533 881 3582; x_wconf 82' lang='lat' dir='ltr'><strong>que</strong></span> <span class='ocrx_word' id='word_1_327' title='bbox 898 3520 977 3577; x_wconf 81' lang='lat' dir='ltr'><strong>otium</strong></span> <span class='ocrx_word' id='word_1_328' title='bbox 993 3527 1018 3574; x_wconf 84' lang='lat' dir='ltr'><strong>et</strong></span> <span class='ocrx_word' id='word_1_329' title='bbox 1033 3519 1239 3583; x_wconf 66' lang='lat' dir='ltr'><strong>tranquillitatem</strong></span> <span class='ocrx_word' id='word_1_330' title='bbox 1250 3521 1383 3582; x_wconf 80' lang='lat' dir='ltr'><strong>reprehen-</strong></span> 
     </span>
     <span class='ocr_line' id='line_1_34' title="bbox 238 3598 1382 3665; baseline 0.003 -16"><span class='ocrx_word' id='word_1_331' title='bbox 238 3602 270 3651; x_wconf 83' lang='lat' dir='ltr'><strong>cl.</strong></span> <span class='ocrx_word' id='word_1_332' title='bbox 305 3603 451 3665; x_wconf 84' lang='lat' dir='ltr'><strong>interpretes</strong></span> <span class='ocrx_word' id='word_1_333' title='bbox 475 3605 507 3656; x_wconf 84' lang='lat' dir='ltr'><strong>ed</strong></span> <span class='ocrx_word' id='word_1_334' title='bbox 531 3605 615 3658; x_wconf 84' lang='lat' dir='ltr'><strong>Lucae</strong></span> <span class='ocrx_word' id='word_1_335' title='bbox 640 3603 720 3658; x_wconf 83' lang='lat' dir='ltr'>XIV.</span> <span class='ocrx_word' id='word_1_336' title='bbox 746 3606 786 3658; x_wconf 78' lang='lat'><strong>26,</strong></span> <span class='ocrx_word' id='word_1_337' title='bbox 833 3599 927 3656; x_wconf 81' lang='lat' dir='ltr'><strong>derant.</strong></span> <span class='ocrx_word' id='word_1_338' title='bbox 944 3601 975 3656; x_wconf 87' lang='lat' dir='ltr'><strong>In</strong></span> <span class='ocrx_word' id='word_1_339' title='bbox 987 3598 1083 3650; x_wconf 86' lang='lat' dir='ltr'><strong>illicitis</strong></span> <span class='ocrx_word' id='word_1_340' title='bbox 1099 3600 1179 3656; x_wconf 75' lang='lat' dir='ltr'><strong>multe</strong></span> <span class='ocrx_word' id='word_1_341' title='bbox 1191 3601 1382 3664; x_wconf 80' lang='lat' dir='ltr'><strong>intelliguntur,</strong></span> 
     </span>
     <span class='ocr_line' id='line_1_35' title="bbox 239 3681 1386 3754; baseline -0.002 -22"><span class='ocrx_word' id='word_1_342' title='bbox 239 3682 302 3734; x_wconf 70' lang='lat' dir='ltr'><strong>{lule</strong></span> <span class='ocrx_word' id='word_1_343' title='bbox 319 3681 400 3742; x_wconf 77' lang='lat' dir='ltr'><strong>odiam</strong></span> <span class='ocrx_word' id='word_1_344' title='bbox 415 3685 552 3744; x_wconf 79' lang='lat' dir='ltr'><strong>ostenditur</strong></span> <span class='ocrx_word' id='word_1_345' title='bbox 568 3699 610 3747; x_wconf 83' lang='lat' dir='ltr'><strong>so,</strong></span> <span class='ocrx_word' id='word_1_346' title='bbox 627 3685 694 3747; x_wconf 83' lang='lat' dir='ltr'><strong>quod</strong></span> <span class='ocrx_word' id='word_1_347' title='bbox 707 3685 787 3735; x_wconf 87' lang='lat' dir='ltr'><strong>laesos</strong></span> <span class='ocrx_word' id='word_1_348' title='bbox 832 3696 895 3748; x_wconf 85' lang='lat' dir='ltr'><strong>quse</strong></span> <span class='ocrx_word' id='word_1_349' title='bbox 917 3682 1030 3754; x_wconf 81' lang='lat' dir='ltr'><strong>princeps</strong></span> <span class='ocrx_word' id='word_1_350' title='bbox 1051 3697 1103 3738; x_wconf 84' lang='lat' dir='ltr'><strong>non</strong></span> <span class='ocrx_word' id='word_1_351' title='bbox 1119 3682 1225 3744; x_wconf 81' lang='lat' dir='ltr'><strong>petitur,</strong></span> <span class='ocrx_word' id='word_1_352' title='bbox 1241 3688 1269 3736; x_wconf 87' lang='lat' dir='ltr'><strong>ut</strong></span> <span class='ocrx_word' id='word_1_353' title='bbox 1279 3697 1303 3732; x_wconf 79' lang='lat' dir='ltr'><strong>o.</strong></span> <span class='ocrx_word' id='word_1_354' title='bbox 1321 3698 1343 3734; x_wconf 79' lang='lat' dir='ltr'><strong>c,</strong></span> <span class='ocrx_word' id='word_1_355' title='bbox 1358 3692 1386 3738; x_wconf 75' lang='lat' dir='ltr'><strong>et</strong></span> 
     </span>
     <span class='ocr_line' id='line_1_36' title="bbox 237 3759 1384 3834; baseline -0.002 -22"><span class='ocrx_word' id='word_1_356' title='bbox 237 3777 395 3824; x_wconf 62' lang='lat' dir='ltr'><strong>caueamur,</strong></span> <span class='ocrx_word' id='word_1_357' title='bbox 412 3765 483 3827; x_wconf 83' lang='lat' dir='ltr'><strong>quasi</strong></span> <span class='ocrx_word' id='word_1_358' title='bbox 499 3765 556 3818; x_wconf 82' lang='lat' dir='ltr'><strong>irati</strong></span> <span class='ocrx_word' id='word_1_359' title='bbox 572 3766 663 3822; x_wconf 82' lang='lat' dir='ltr'><strong>simus,</strong></span> <span class='ocrx_word' id='word_1_360' title='bbox 678 3764 787 3822; x_wconf 79' lang='lat' dir='ltr'><strong>etlustas</strong></span> <span class='ocrx_word' id='word_1_361' title='bbox 832 3763 895 3818; x_wconf 85' lang='lat' dir='ltr'><strong>illud</strong></span> <span class='ocrx_word' id='word_1_362' title='bbox 917 3762 1013 3819; x_wconf 83' lang='lat' dir='ltr'><strong>Annal·</strong></span> <span class='ocrx_word' id='word_1_363' title='bbox 1032 3763 1082 3812; x_wconf 80' lang='lat' dir='ltr'><strong>VI.</strong></span> <span class='ocrx_word' id='word_1_364' title='bbox 1099 3767 1123 3818; x_wconf 78' lang='grc'><strong>8.</strong></span> <span class='ocrx_word' id='word_1_365' title='bbox 1138 3759 1243 3816; x_wconf 76' lang='lat' dir='ltr'><strong>Abditas</strong></span> <span class='ocrx_word' id='word_1_366' title='bbox 1256 3763 1384 3834; x_wconf 57' lang='lat' dir='ltr'><strong>principie</strong></span> 
     </span>
     <span class='ocr_line' id='line_1_37' title="bbox 235 3841 1383 3908; baseline -0.007 -6"><span class='ocrx_word' id='word_1_367' title='bbox 235 3847 289 3902; x_wconf 74' lang='lat' dir='ltr'><strong>bae</strong></span> <span class='ocrx_word' id='word_1_368' title='bbox 312 3861 412 3900; x_wconf 64' lang='lat' dir='ltr'><strong>aarum</strong></span> <span class='ocrx_word' id='word_1_369' title='bbox 426 3845 571 3898; x_wconf 84' lang='lat' dir='ltr'><strong>babeamus.</strong></span> <span class='ocrx_word' id='word_1_370' title='bbox 587 3845 727 3898; x_wconf 84' lang='lat' dir='ltr'><strong>Senecsde</strong></span> <span class='ocrx_word' id='word_1_371' title='bbox 744 3847 787 3902; x_wconf 79' lang='lat' dir='ltr'><strong>lra</strong></span> <span class='ocrx_word' id='word_1_372' title='bbox 832 3859 928 3901; x_wconf 62' lang='lat' dir='ltr'><strong>aoros,</strong></span> <span class='ocrx_word' id='word_1_373' title='bbox 945 3851 969 3890; x_wconf 85' lang='lat' dir='ltr'><strong>et</strong></span> <span class='ocrx_word' id='word_1_374' title='bbox 986 3841 1009 3898; x_wconf 78' lang='lat' dir='ltr'><strong>si</strong></span> <span class='ocrx_word' id='word_1_375' title='bbox 1025 3841 1087 3905; x_wconf 83' lang='lat' dir='ltr'><strong>qaid</strong></span> <span class='ocrx_word' id='word_1_376' title='bbox 1101 3842 1220 3898; x_wconf 75' lang='lat' dir='ltr'><strong>occultius</strong></span> <span class='ocrx_word' id='word_1_377' title='bbox 1234 3852 1383 3908; x_wconf 82' lang='lat' dir='ltr'><strong>parat,orr·</strong></span> 
     </span>
     <span class='ocr_line' id='line_1_38' title="bbox 235 3921 1386 3993; baseline -0.005 -13"><span class='ocrx_word' id='word_1_378' title='bbox 235 3927 291 3981; x_wconf 86' lang='lat'>111.</span> <span class='ocrx_word' id='word_1_379' title='bbox 308 3933 349 3978; x_wconf 79' lang='lat'><strong>29.</strong></span> <span class='ocrx_word' id='word_1_380' title='bbox 366 3925 439 3984; x_wconf 77' lang='lat' dir='ltr'><strong>Quod</strong></span> <span class='ocrx_word' id='word_1_381' title='bbox 453 3927 629 3993; x_wconf 82' lang='lat' dir='ltr'><strong>iniquissimam</strong></span> <span class='ocrx_word' id='word_1_382' title='bbox 646 3933 696 3985; x_wconf 86' lang='lat' dir='ltr'><strong>est,</strong></span> <span class='ocrx_word' id='word_1_383' title='bbox 706 3927 786 3990; x_wconf 85' lang='lat' dir='ltr'><strong>perti·</strong></span> <span class='ocrx_word' id='word_1_384' title='bbox 832 3923 943 3986; x_wconf 83' lang='lat' dir='ltr'><strong>qairere,</strong></span> <span class='ocrx_word' id='word_1_385' title='bbox 967 3921 1093 3981; x_wconf 73' lang='lat' dir='ltr'><strong>illicitans,</strong></span> <span class='ocrx_word' id='word_1_386' title='bbox 1119 3938 1217 3988; x_wconf 85' lang='lat' dir='ltr'><strong>anceps.</strong></span> <span class='ocrx_word' id='word_1_387' title='bbox 1236 3921 1336 3978; x_wconf 80' lang='lat' dir='ltr'><strong>Mirari</strong></span> <span class='ocrx_word' id='word_1_388' title='bbox 1351 3923 1386 3974; x_wconf 76' lang='lat' dir='ltr'><strong>it-</strong></span> 
     </span>
     <span class='ocr_line' id='line_1_39' title="bbox 236 4003 1386 4074; baseline -0.006 -14"><span class='ocrx_word' id='word_1_389' title='bbox 236 4008 349 4061; x_wconf 82' lang='lat' dir='ltr'><strong>aaaioees</strong></span> <span class='ocrx_word' id='word_1_390' title='bbox 366 4009 494 4074; x_wconf 80' lang='lat' dir='ltr'><strong>nassaait</strong></span> <span class='ocrx_word' id='word_1_391' title='bbox 509 4008 629 4072; x_wconf 82' lang='lat' dir='ltr'><strong>iniqnitas</strong></span> <span class='ocrx_word' id='word_1_392' title='bbox 646 4007 709 4060; x_wconf 85' lang='lat' dir='ltr'><strong>irae.</strong></span> <span class='ocrx_word' id='word_1_393' title='bbox 734 4005 784 4056; x_wconf 83' lang='lat' dir='ltr'><strong>Re·</strong></span> <span class='ocrx_word' id='word_1_394' title='bbox 830 4003 913 4064; x_wconf 82' lang='lat' dir='ltr'><strong>licita,</strong></span> <span class='ocrx_word' id='word_1_395' title='bbox 927 4005 961 4067; x_wconf 73' lang='lat' dir='ltr'><strong>[nt</strong></span> <span class='ocrx_word' id='word_1_396' title='bbox 978 4004 1066 4060; x_wconf 82' lang='lat' dir='ltr'><strong>Livias</strong></span> <span class='ocrx_word' id='word_1_397' title='bbox 1084 4003 1192 4059; x_wconf 85' lang='lat' dir='ltr'><strong>XXVI.</strong></span> <span class='ocrx_word' id='word_1_398' title='bbox 1210 4009 1251 4054; x_wconf 75' lang='lat'><strong>22.</strong></span> <span class='ocrx_word' id='word_1_399' title='bbox 1269 4003 1386 4061; x_wconf 82' lang='lat' dir='ltr'><strong>Eludant</strong></span> 
     </span>
     <span class='ocr_line' id='line_1_40' title="bbox 237 4083 1153 4155; baseline -0.003 -17"><span class='ocrx_word' id='word_1_400' title='bbox 237 4089 339 4144; x_wconf 73' lang='lat' dir='ltr'><strong>tinorum</strong></span> <span class='ocrx_word' id='word_1_401' title='bbox 364 4090 425 4145; x_wconf 81' lang='lat' dir='ltr'><strong>enim</strong></span> <span class='ocrx_word' id='word_1_402' title='bbox 440 4091 510 4141; x_wconf 85' lang='lat' dir='ltr'><strong>illam</strong></span> <span class='ocrx_word' id='word_1_403' title='bbox 526 4099 550 4141; x_wconf 87' lang='lat' dir='ltr'><strong>et</strong></span> <span class='ocrx_word' id='word_1_404' title='bbox 566 4103 695 4155; x_wconf 75' lang='lat' dir='ltr'><strong>asperent,</strong></span> <span class='ocrx_word' id='word_1_405' title='bbox 712 4087 787 4152; x_wconf 79' lang='lat' dir='ltr'><strong>quasi</strong></span> <span class='ocrx_word' id='word_1_406' title='bbox 830 4101 892 4136; x_wconf 85' lang='lat' dir='ltr'><strong>nunc</strong></span> <span class='ocrx_word' id='word_1_407' title='bbox 908 4083 1012 4148; x_wconf 81' lang='lat' dir='ltr'><strong>antiqua</strong></span> <span class='ocrx_word' id='word_1_408' title='bbox 1027 4085 1153 4136; x_wconf 85' lang='lat' dir='ltr'><strong>mirantes.</strong></span> 
     </span>
    </p>

    <p class='ocr_par' dir='ltr' id='par_1_5' title="bbox 234 4163 1386 4479">
     <span class='ocr_line' id='line_1_41' title="bbox 234 4163 1383 4238; baseline -0.005 -12"><span class='ocrx_word' id='word_1_409' title='bbox 234 4181 402 4238; x_wconf 58' lang='lat' dir='ltr'><strong>&amp;numentum</strong></span> <span class='ocrx_word' id='word_1_410' title='bbox 425 4171 490 4222; x_wconf 82' lang='lat' dir='ltr'><strong>iaste</strong></span> <span class='ocrx_word' id='word_1_411' title='bbox 516 4171 649 4222; x_wconf 82' lang='lat' dir='ltr'><strong>irascentis</strong></span> <span class='ocrx_word' id='word_1_412' title='bbox 672 4169 784 4235; x_wconf 78' lang='lat' dir='ltr'><strong>praviter·</strong></span> <span class='ocrx_word' id='word_1_413' title='bbox 870 4164 1059 4230; x_wconf 68' lang='lat' dir='ltr'><strong>fflttooiuatqoe</strong></span> <span class='ocrx_word' id='word_1_414' title='bbox 1083 4181 1113 4221; x_wconf 83' lang='lat' dir='ltr'><strong>aa</strong></span> <span class='ocrx_word' id='word_1_415' title='bbox 1129 4163 1287 4226; x_wconf 83' lang='lat' dir='ltr'><strong>rnodcstianr,</strong></span> <span class='ocrx_word' id='word_1_416' title='bbox 1305 4167 1332 4220; x_wconf 84' lang='lat' dir='ltr'><strong>ei</strong></span> <span class='ocrx_word' id='word_1_417' title='bbox 1345 4168 1383 4220; x_wconf 82' lang='lat' dir='ltr'><strong>in·</strong></span> 
     </span>
     <span class='ocr_line' id='line_1_42' title="bbox 236 4245 1385 4317; baseline -0.004 -14"><span class='ocrx_word' id='word_1_418' title='bbox 236 4251 322 4304; x_wconf 82' lang='lat' dir='ltr'><strong>irasci.</strong></span> <span class='ocrx_word' id='word_1_419' title='bbox 341 4253 393 4304; x_wconf 83' lang='lat' dir='ltr'><strong>Sed</strong></span> <span class='ocrx_word' id='word_1_420' title='bbox 409 4253 499 4310; x_wconf 82' lang='lat' dir='ltr'><strong>melior</strong></span> <span class='ocrx_word' id='word_1_421' title='bbox 514 4252 785 4317; x_wconf 76' lang='lat' dir='ltr'><strong>perebomiunmirern</strong></span> <span class='ocrx_word' id='word_1_422' title='bbox 831 4245 930 4302; x_wconf 75' lang='lat' dir='ltr'><strong>dorato</strong></span> <span class='ocrx_word' id='word_1_423' title='bbox 951 4263 982 4302; x_wconf 89' lang='lat' dir='ltr'><strong>aa</strong></span> <span class='ocrx_word' id='word_1_424' title='bbox 997 4247 1067 4312; x_wconf 72' lang='lat' dir='ltr'><strong>viper·</strong></span> <span class='ocrx_word' id='word_1_425' title='bbox 1084 4246 1176 4298; x_wconf 84' lang='lat' dir='ltr'><strong>adsint.</strong></span> <span class='ocrx_word' id='word_1_426' title='bbox 1193 4247 1296 4300; x_wconf 78' lang='lat' dir='ltr'><strong>Tacitus</strong></span> <span class='ocrx_word' id='word_1_427' title='bbox 1313 4250 1385 4300; x_wconf 77' lang='lat' dir='ltr'><strong>idern</strong></span> 
     </span>
     <span class='ocr_line' id='line_1_43' title="bbox 237 4329 1383 4398; baseline -0.002 -14"><span class='ocrx_word' id='word_1_428' title='bbox 237 4347 288 4384; x_wconf 87' lang='lat' dir='ltr'><strong>aon</strong></span> <span class='ocrx_word' id='word_1_429' title='bbox 297 4337 361 4397; x_wconf 83' lang='lat' dir='ltr'><strong>gerit</strong></span> <span class='ocrx_word' id='word_1_430' title='bbox 369 4336 612 4398; x_wconf 84' lang='lat' dir='ltr'><strong>perpetuem,sentit</strong></span> <span class='ocrx_word' id='word_1_431' title='bbox 620 4335 699 4386; x_wconf 86' lang='lat' dir='ltr'><strong>sertus</strong></span> <span class='ocrx_word' id='word_1_432' title='bbox 707 4347 784 4396; x_wconf 85' lang='lat' dir='ltr'><strong>ocyus</strong></span> <span class='ocrx_word' id='word_1_433' title='bbox 830 4329 951 4390; x_wconf 80' lang='lat' dir='ltr'><strong>expressit</strong></span> <span class='ocrx_word' id='word_1_434' title='bbox 972 4329 1027 4380; x_wconf 84' lang='lat' dir='ltr'><strong>eliis</strong></span> <span class='ocrx_word' id='word_1_435' title='bbox 1051 4329 1134 4381; x_wconf 83' lang='lat' dir='ltr'><strong>verbis</strong></span> <span class='ocrx_word' id='word_1_436' title='bbox 1151 4329 1248 4380; x_wconf 82' lang='lat' dir='ltr'><strong>Annal.</strong></span> <span class='ocrx_word' id='word_1_437' title='bbox 1267 4329 1320 4380; x_wconf 87' lang='lat' dir='ltr'><strong>IV.</strong></span> <span class='ocrx_word' id='word_1_438' title='bbox 1339 4335 1383 4382; x_wconf 74' lang='lat' dir='ltr'><strong>eb.</strong></span> 
     </span>
     <span class='ocr_line' id='line_1_44' title="bbox 237 4405 1386 4479; baseline -0.007 -13"><span class='ocrx_word' id='word_1_439' title='bbox 237 4425 264 4462; x_wconf 80' lang='lat' dir='ltr'><strong>so</strong></span> <span class='ocrx_word' id='word_1_440' title='bbox 280 4414 346 4465; x_wconf 79' lang='lat' dir='ltr'><strong>male</strong></span> <span class='ocrx_word' id='word_1_441' title='bbox 370 4416 462 4479; x_wconf 70' lang='lat' dir='ltr'><strong>sense,</strong></span> <span class='ocrx_word' id='word_1_442' title='bbox 489 4422 514 4466; x_wconf 82' lang='lat' dir='ltr'><strong>et</strong></span> <span class='ocrx_word' id='word_1_443' title='bbox 535 4431 594 4467; x_wconf 79' lang='lat' dir='ltr'><strong>arm</strong></span> <span class='ocrx_word' id='word_1_444' title='bbox 609 4417 677 4466; x_wconf 84' lang='lat' dir='ltr'><strong>laeso</strong></span> <span class='ocrx_word' id='word_1_445' title='bbox 694 4415 784 4478; x_wconf 80' lang='lat' dir='ltr'><strong>ingre·</strong></span> <span class='ocrx_word' id='word_1_446' title='bbox 830 4405 905 4462; x_wconf 69' lang='lat' dir='ltr'><strong>aare</strong></span> <span class='ocrx_word' id='word_1_447' title='bbox 929 4425 972 4474; x_wconf 78' lang='lat' dir='ltr'><strong>apo</strong></span> <span class='ocrx_word' id='word_1_448' title='bbox 995 4407 1129 4474; x_wconf 84' lang='lat' dir='ltr'><strong>Lepidam,</strong></span> <span class='ocrx_word' id='word_1_449' title='bbox 1148 4409 1295 4472; x_wconf 72' lang='lat' dir='ltr'><strong>imparibus</strong></span> <span class='ocrx_word' id='word_1_450' title='bbox 1312 4410 1386 4471; x_wconf 78' lang='lat' dir='ltr'><strong>iltis,</strong></span> 
     </span>
    </p>
   </div>
   <div class='ocr_carea' id='block_1_4' title="bbox 0 0 1542 5303">
    <p class='ocr_par' dir='ltr' id='par_1_6' title="bbox 0 0 1542 5303">
     <span class='ocr_line' id='line_1_45' title="bbox 0 0 1542 5303; baseline 0 0"><span class='ocrx_word' id='word_1_451' title='bbox 0 0 1542 5303; x_wconf 95' lang='lat' dir='ltr'><strong> </strong></span> 
     </span>
    </p>
   </div>
  </div>
 </body>
</html>
