3130 5308
665 527 836 576 sersaoni.
1279 519 1321 580 79

170 700 357 778 silentibus,
393 709 425 766 et
461 699 655 765 interventus
690 697 830 764 civilium
855 717 1015 762 armorum
1038 695 1184 786 praebuit
1207 700 1321 766 iustam

171 807 328 898 segnitiae
362 805 607 870 excusationem.
654 801 717 868 Sed
753 801 907 868 discordia
930 801 1127 881 laboratum,
1151 826 1251 893 quum
1274 828 1322 870 as-

173 925 283 981 suetus
318 909 569 999 expeditionibus
597 907 688 973 miles
722 907 786 972 otio
814 907 983 977 lasciviret.
1032 905 1224 988 Trebellius,
1248 909 1323 1000 iupa

176 1139 223 1189 nia
247 1142 278 1188 tu
302 1135 392 1186 similis
408 1137 549 1200 indignatio
564 1139 657 1188 elucet:
675 1135 727 1186 Aa·
772 1136 882 1196 seruitii,
907 1135 1055 1187 detratans.
1082 1137 1152 1187 Muri
1167 1144 1226 1188 tunt
1242 1139 1325 1190 muni·

175 1233 264 1268 cerm
286 1216 355 1268 mlius
378 1233 425 1265 non
450 1215 534 1268 eadem
555 1217 726 1283 temperantia.
772 1223 859 1268 mente
882 1217 992 1278 seruitii,
1018 1232 1068 1282 quo
1093 1219 1202 1269 Romani
1218 1235 1264 1270 nau
1280 1236 1323 1285 op·

175 1299 210 1350 Si
247 1297 381 1349 iradulseais
415 1297 542 1358 ebrietati,
576 1297 726 1364 supperenda
772 1299 891 1362 primunt.
923 1299 964 1348 Ita
989 1299 1116 1348 seruitium
1139 1300 1207 1349 idem
1233 1307 1270 1352 est
1294 1316 1324 1352 uc

175 1388 294 1445 quustw
310 1379 498 1444 concupiscunt,
515 1378 583 1430 laud
597 1380 726 1445 ninussu-
772 1378 913 1430 dominatio.
948 1381 981 1429 In
998 1380 1096 1428 Annal.
1116 1380 1193 1430 XIV.
1211 1384 1323 1432 314011]-

174 1460 323 1520 silenitis,
341 1475 414 1524 psam
426 1460 726 1520 armis,uincentur.b1i·
772 1465 842 1528 plum
867 1461 1007 1514 aclaudio
1024 1461 1187 1512 coustitutum
1204 1463 1324 1513 Britanni

173 1557 250 1602 mm,
266 1542 373 1605 cogitet,
399 1541 528 1590 Romanos
551 1545 665 1594 nondum
681 1544 726 1594 im·
773 1545 941 1609 adspiciebent
961 1543 1036 1608 quau
1051 1557 1133 1592 arcem
1148 1552 1267 1592 aeternnm
1282 1542 1323 1594 da

173 1628 287 1688 portasse
311 1622 413 1680 vinam
440 1619 580 1674 Germanos
604 1625 727 1674 illecebris
772 1625 921 1678 minationis.
947 1625 985 1674 Ut
1006 1625 1159 1688 ignoscimus
1175 1626 1323 1677 blandienti-

174 1702 643 1769 potnndifaailinssuperabunt,qusm
652 1705 726 1754 bello.
772 1709 819 1758 bus
842 1706 1038 1766 ominationem,
1055 1707 1091 1756 iae
1106 1706 1259 1770 ignoscimus
1274 1723 1324 1756 ser·

177 1783 231 1836 Sed
251 1785 283 1834 de
305 1783 450 1834 huiusmodi
465 1785 534 1834 vitiis
548 1785 592 1836 hia
608 1801 659 1836 non
677 1787 727 1850 agi-
772 1789 874 1838 uitium:
892 1794 992 1850 gentem
1010 1788 1106 1850 eripere
1122 1785 1226 1837 dominio
1244 1789 1324 1839 eteri-

176 1877 226 1922 tar.
260 1870 358 1934 Agitur
373 1876 473 1919 tantm
489 1867 521 1916 de
538 1867 651 1916 comitate
668 1883 728 1931 quo-
774 1883 832 1933 pere
858 1867 959 1916 seruitio
984 1869 1073 1916 eodem
1094 1869 1171 1928 redit,
1189 1871 1325 1933 quodiam

175 1950 234 2004 duni
257 1949 376 2011 curandi,
403 1965 454 2015 qus
473 1948 613 1998 brebellius
629 1948 728 2012 provin·
774 1949 951 2000 animadvertit
967 1948 1092 1998 Amtaen.
1109 1949 1142 1996 ed
1156 1949 1324 2000 Aurelviat.

176 2035 243 2084 mam
258 2033 287 2082 in
304 2030 728 2096 patientisteuarepotuit.1mpe
775 2032 843 2095 Epil.
870 2035 894 2079 5.
912 2027 1043 2095 Ignoscere
1060 2027 1161 2092 aliquid
1174 2028 1264 2090 alicui,
1281 2045 1325 2080 no-

176 2115 243 2164 n'uru
265 2120 321 2164 erat
336 2114 410 2173 mite,
428 2112 562 2177 placidum.
580 2111 640 2160 Non
657 2111 728 2160 intel·
774 2120 829 2162 tum
853 2118 899 2162 est.
935 2109 1004 2162 Olim
1029 2111 1153 2175 exemplis
1173 2109 1324 2162 confirmen-

176 2198 228 2260 ligo
244 2197 307 2262 qnid
329 2197 370 2254 sit,
387 2196 504 2246 barbaros
520 2190 728 2257 lpnosaereuitiis.
774 2195 836 2244 dnm
856 2193 989 2258 putabant,
1005 2198 1034 2241 ut
1051 2191 1140 2242 Burm.
1159 2193 1191 2244 ad
1208 2193 1322 2259 Propert.

178 2277 216 2339 Si,
233 2279 302 2343 qnod
318 2278 381 2328 olim
397 2277 529 2340 putabunt,
546 2273 671 2338 iquosaere
687 2275 729 2323 eb-
775 2277 814 2326 11.
840 2291 871 2326 rr.
895 2274 1265 2326 a.Aliie1itsmoaisloaam
1277 2277 1324 2328 dii·

177 2361 259 2410 solute
278 2358 393 2422 ponitur,
410 2355 480 2406 uitiis
496 2354 674 2404 blandientibus
690 2369 728 2404 su·
774 2358 866 2408 fiailem
890 2358 1016 2421 explicere
1036 2357 1120 2406 conati
1136 2363 1202 2406 sunt.
1220 2359 1326 2408 Boetius

176 2441 299 2490 mendum
323 2445 390 2498 eret,
414 2444 544 2502 tamquam
568 2437 595 2486 in
620 2436 729 2486 ablativo
775 2437 953 2490 blandientibus
970 2439 1063 2488 iudicat
1080 2451 1134 2488 esse
1149 2437 1325 2502 dativumper-

177 2535 251 2570 asam
277 2519 449 2570 &dicacium
464 2517 566 2567 borboni
583 2532 677 2580 quoque
694 2516 729 2581 ip·
775 2534 863 2580 sance,
888 2520 932 2584 qui
953 2520 1045 2582 pendet
1062 2520 1094 2568 ab
1110 2518 1248 2582 ipuoscere,
1266 2520 1325 2571 elte-

179 2615 281 2650 noueere
305 2602 426 2661 dominis,
451 2600 552 2664 quando
576 2597 653 2658 uitia,
676 2599 729 2662 ipse
774 2615 831 2650 rum
856 2601 969 2650 delirum
992 2597 1062 2648 vitiis
1086 2600 1195 2663 pendere
1218 2615 1234 2650 a
1259 2600 1324 2652 blan·

178 2683 298 2742 osvius,
316 2689 341 2732 et
355 2680 728 2747 quaeservitutipropriusant,
775 2682 904 2732 clientibus.
923 2681 1167 2748 ComparatCaesar.
1185 2681 1218 2732 B.
1229 2682 1258 2734 C.
1268 2683 1323 2735 111.

178 2765 349 2816 blandiuntur.
384 2762 437 2812 Sed
452 2762 501 2812 hoe
517 2776 617 2826 quoque
632 2767 728 2810 cantor·
775 2769 816 2814 32.
849 2763 978 2815 Universis
1002 2763 1131 2829 imperatis
1143 2763 1265 2829 pecuniis.
1284 2765 1325 2816 Ci-

177 2853 232 2896 tum
256 2852 303 2896 est.
339 2843 497 2895 Crediderim
512 2843 596 2906 potius
613 2843 729 2892 Tacitum
774 2859 832 2896 cero
857 2845 928 2897 Orat.
947 2848 962 2909 ξ
979 2849 1019 2894 45.
1042 2842 1068 2892 Α
1081 2845 1198 2910 propriis
1210 2847 1326 2912 personis

178 2929 319 2992 scripsisses
345 2925 456 2976 didicere
479 2923 529 2972 ium
553 2923 656 2972 barbari
673 2939 728 2986 quo·
775 2937 800 2977 et
830 2927 978 2993 temporibus
1011 2935 1099 2976 auocat
1125 2929 1325 2978 controuersiam.

178 3024 226 3074 que
249 3009 377 3074 ipnoscere
401 3005 526 3054 seruitium
542 3003 728 3053 blandientibus.
775 3009 815 3058 De
837 3008 900 3070 Rep.
927 3008 966 3056 II.
992 3011 1032 3056 ³6.
1058 3005 1194 3055 Prioribus
1219 3009 1326 3072 equitum

178 3092 320 3155 Ignoscunt
341 3087 470 3137 servitium
486 3086 532 3145 iis,
548 3086 592 3150 qui
608 3086 729 3148 imposue-
772 3089 890 3154 partibus
916 3085 1028 3136 secundis
1052 3085 1155 3136 additis.
1182 3087 1214 3136 In
1235 3089 1328 3152 quibus

178 3178 253 3230 runt,
279 3170 302 3218 si
321 3168 485 3226 blandientes,
511 3167 610 3216 blandis
636 3167 729 3214 artibus
776 3171 883 3219 ultorum
907 3167 1009 3232 quidem
1033 3173 1071 3218 eet
1087 3169 1202 3228 dativus,
1220 3169 1327 3222 alterum

178 3252 234 3312 usi,
252 3252 396 3314 imponunt,
413 3256 438 3298 et
454 3247 571 3298 renuant
581 3247 659 3310 Hugo
668 3245 729 3296 Gru
776 3251 911 3310 ablativus,
929 3249 973 3299 sed
989 3250 1077 3299 eadem
1092 3249 1230 3300 obscrnites
1246 3257 1271 3302 at
1283 3267 1328 3304 ne·

178 3335 231 3384 tius
255 3333 355 3382 eosdem
379 3335 444 3379 artes
468 3330 558 3378 domus
582 3328 731 3379 Austriecae
775 3332 904 3396 gligentia.
940 3333 1123 3394 Interpretatur
1146 3339 1242 3384 antem:
1269 3334 1327 3384 Bri·

178 3415 299 3464 adeunte
323 3413 430 3461 maiores
455 3417 553 3462 nostros
578 3411 678 3474 egregie
703 3411 730 3460 in
776 3415 848 3464 tenni
881 3413 954 3462 facile
984 3413 1095 3460 tulerant
1121 3413 1277 3462 'l'rebelliam
1301 3421 1326 3464 et

181 3495 278 3544 Annei.
304 3493 327 3542 I.
353 3507 378 3555 p.
395 3498 420 3541 4.
438 3493 574 3556 expressit:
593 3490 673 3541 Milia
689 3491 730 3540 in·
777 3496 905 3566 Ropanos
929 3492 981 3541 suis
1004 3492 1085 3551 vitiis,
1102 3493 1119 3542 i.
1135 3507 1156 3541 e.
1174 3494 1226 3542 otio
1243 3499 1267 3542 et
1283 3507 1326 3544 vo·

176 3572 731 3642 petentiuminpeniapotentiumtemperando
776 3575 874 3640 luptati,
886 3572 1051 3622 blandientes.
1069 3573 1196 3624 Kritaius:
1217 3573 1328 3626 uleniter

180 3671 286 3715 eumne,
304 3669 355 3718 qua
371 3652 730 3718 antelibertasnapisetiam,
777 3657 842 3706 ferre
858 3661 883 3705 et
899 3655 961 3704 adeo
978 3667 1062 3703 emere
1075 3653 1327 3721 vitia,quorumdul-

180 3752 254 3801 want
268 3736 308 3796 ui,
324 3744 489 3802 eapupnotur.
523 3733 591 3784 Nam
608 3734 635 3784 in
649 3749 731 3798 sapen
777 3737 864 3788 codinc
888 3735 1009 3800 paulatim
1033 3735 1214 3788 alliciebantur.
1240 3736 1327 3804 Iynos·

181 3826 218 3868 tes
250 3815 388 3866 resistendo
412 3817 501 3867 erescit
517 3815 636 3882 ferocia,
662 3815 731 3865 coni·
778 3835 833 3869 cere
848 3819 1006 3882 uitiisatque
1022 3817 1085 3868 adeo
1102 3817 1184 3869 ridere
1198 3819 1275 3879 uitia,
1292 3819 1327 3870 cf.

181 3907 234 3948 tate
250 3906 275 3946 et
290 3897 473 3948 mansuetudine
489 3897 554 3948 ultra
571 3896 732 3953 subitur,·olo·
778 3899 863 3951 Germ.
892 3903 929 3949 19.
956 3899 1037 3948 adhuc
1062 3899 1234 3948 Romanorum
1250 3899 1329 3947 modo

181 3995 225 4028 nec
241 3979 368 4046 nonuplis
384 3977 485 4028 licentia
500 3979 620 4038 moribus,
634 3977 733 4028 concedi
775 3981 858 4032 fueret
867 3979 902 4030 nt
910 3981 972 4030 urbe
979 3979 1164 4043 corruptissime
1172 3979 1328 4042 degentium,

181 4059 262 4110 solita
282 4061 443 4126 imperantur.
462 4061 504 4110 Ex
521 4062 640 4124 obsequio
656 4061 731 4110 servi-
777 4063 829 4114 iam
845 4061 945 4112 buturi
959 4075 1058 4126 quoque
1070 4057 1225 4109 discebant.'’

180 4143 247 4192 tium
270 4143 307 4190 fit.
333 4139 466 4191 Seruilium
492 4148 544 4190 tem
560 4143 640 4192 active
656 4157 732 4206 quem
811 4141 936 4192 Praebuit
951 4140 1042 4190 instant
1055 4139 1176 4204 seynitiae
1189 4139 1325 4190 excusatio·

181 4223 281 4288 passive
305 4224 429 4288 significet
453 4229 597 4273 exercentes
623 4229 647 4273 et
672 4223 732 4272 tole
777 4238 838 4272 nen.
871 4223 952 4271 Arme
968 4221 1119 4282 civilianum
1134 4225 1328 4284 poterantprae·-

182 4312 274 4354 rentes.
293 4304 374 4356 Tacit.
392 4305 461 4354 Hist.
479 4305 529 4354 IV.
547 4309 587 4356 64.
613 4302 731 4353 Postula
777 4301 1136 4352 bereexcusatianemiastum.
1155 4299 1225 4362 Quid
1238 4299 1329 4352 enim?

182 4401 235 4436 nus
260 4403 277 4435 a
300 4385 368 4438 uobis
392 4385 539 4450 (ilenchteri
565 4387 597 4435 ab
614 4385 731 4450 Agrippi·
777 4383 924 4435 certabatur
948 4387 1021 4432 extra
1045 4381 1218 4443 Britanniam,
1243 4389 1330 4434 cetero

183 4467 315 4534 mensibus)
340 4483 420 4518 mseras
444 4468 567 4526 coloniae,
589 4467 732 4516 nutrimenta
777 4465 837 4515 arbe
853 4463 967 4515 diviserit.
1004 4461 1120 4515 Officium
1136 4462 1213 4527 legati
1230 4477 1327 4527 semper
