3130 5308
249 520 312 582 148
667 527 821 575 coenatu
846 526 957 574 111111

172 737 180 751 ·
251 700 402 792 sequendi
425 721 486 766 nor
511 709 542 762 ct
565 696 689 761 satietas
712 695 783 759 fuit.
809 693 906 761 caesa
929 694 1066 760 hostium
1093 693 1254 763 adderem
1266 701 1387 782 millia3

248 821 428 873 nostrorum
463 803 597 868 trecenti
631 801 790 888 sexaginta
826 799 984 874 cecidere,
1019 800 1051 863 in
1088 801 1160 886 quis
1184 801 1283 870 Aulus
1307 805 1393 872 Atti-

251 935 306 977 cus
341 911 518 1000 praefectus
553 905 714 982 cohortis,
750 904 881 969 iuuenili
904 904 1014 970 ardore
1037 917 1069 971 et
1091 907 1208 973 ferocia
1231 911 1307 998 equi
1329 910 1393 976 ho·

250 1016 348 1082 stibus
373 1014 490 1079 illatus.
1285 1077 1293 1084 ,

296 1118 478 1186 XXXVlll.
515 1114 556 1180 lit
591 1135 652 1178 nor
688 1109 817 1200 quidem
846 1108 960 1198 gaudio
984 1113 1163 1202 praedaque
1187 1115 1269 1182 laeta
1293 1119 1394 1185 vieto·

245 1221 349 1288 ribus.
386 1220 530 1288 Britanni
553 1217 694 1306 palantes
718 1217 879 1302 mixtoque
902 1216 1040 1282 virorum
1063 1218 1297 1309 mulierumque
1318 1223 1394 1312 plo·

249 1341 322 1394 ratu
355 1325 480 1391 trahere
517 1323 712 1397 vulneratos,
738 1341 849 1385 vocare
873 1319 1029 1408 integros,
1054 1322 1197 1390 descrere
1219 1325 1328 1392 domos
1353 1349 1393 1392 ac

249 1455 307 1522 per
342 1431 420 1496 iram
456 1428 540 1493 ultro
575 1425 764 1504 incendere3
803 1424 919 1512 eligere
953 1426 1088 1493 latebras
1112 1440 1144 1494 et
1166 1429 1271 1495 statim
1294 1432 1395 1498 relin-

251 1559 368 1626 quere,
413 1534 545 1598 miscere
579 1531 714 1596 invicem
749 1528 878 1594 consilia
913 1529 1039 1618 aliqua,
1075 1531 1189 1600 deinde
1223 1557 1393 1623 separare,

250 1638 421 1728 aliquando
455 1636 559 1725 frangi
590 1645 719 1723 aspectu
752 1633 920 1721 pignorum
956 1656 1104 1715 suorum,
1137 1638 1260 1726 saepius
1283 1642 1394 1706 eonci-

250 1746 333 1822 tari3
371 1744 508 1830 satisque
544 1737 710 1806 constabat
733 1738 864 1803 saevisse
888 1738 1040 1826 quosdam
1063 1741 1097 1805 in
1120 1742 1269 1831 coniuges
1293 1766 1329 1809 ac
1352 1745 1397 1810 li·

251 1851 364 1927 beros,
400 1859 564 1935 tamquam
598 1844 831 1909 misererentur.
866 1838 1035 1910 Proximus
1069 1845 1134 1912 dics
1156 1846 1270 1914 facicm
1293 1849 1397 1915 ricto-

250 2089 327 2137 finem
344 2086 434 2136 feceret
448 2083 576 2148 sequendi.
593 2081 687 2132 Fuitne
695 2093 798 2146 sequeu-
878 2077 988 2132 Miscere
1020 2081 1119 2134 inuicem
1151 2084 1257 2134 consiliu
1289 2085 1396 2150 aliqua,

250 2169 317 2216 tibus
326 2174 423 2230 tempus
430 2164 584 2229 praedandi?
594 2165 628 2213 Et
636 2177 699 2226 quae
707 2163 799 2224 praeda
845 2161 930 2211 danda
946 2177 1074 2228 separare.
1098 2163 1142 2215 Sic
1158 2166 1222 2216 Mes.
1239 2167 1397 2222 Putetdauns

252 2243 798 2311 expauperibusCaledoniisiSiquidraptu
844 2242 955 2292 ediderat
987 2259 1103 2308 sperare,
1128 2247 1196 2296 unde
1220 2246 1321 2297 Grotius
1351 2247 1394 2298 de·

251 2329 358 2391 dignum
381 2327 515 2384 haberent,
540 2338 639 2374 servare
660 2325 714 2373 sine
730 2325 799 2374 ducis
844 2337 955 2386 sperare.
978 2323 1034 2386 Ego
1050 2326 1204 2376 conieceram
1219 2343 1346 2392 spernere,
1363 2337 1396 2380 ut

251 2423 375 2460 consensu
398 2423 450 2458 non
467 2405 565 2455 licebat.
599 2404 677 2455 Ducis
694 2411 746 2455 erat
762 2419 799 2454 ar-
844 2403 935 2453 Horat.
952 2405 1032 2467 Epist.
1050 2407 1073 2455 1.
1090 2421 1108 2456 1.
1127 2411 1167 2457 97.
1186 2405 1395 2463 Quidtmeacum

249 2491 366 2550 bitrium,
383 2505 436 2539 uon
452 2487 569 2537 militum.
596 2485 688 2536 Melior
696 2485 800 2535 omniuo
840 2493 938 2550 pugnat
962 2485 1083 2534 sententia
1098 2502 1193 2549 secum,
1212 2487 1284 2544 Quod
1298 2491 1395 2556 petiit,

252 2572 376 2620 sententia
391 2569 486 2633 prodit:
504 2565 541 2616 Er
557 2583 604 2616 noa
621 2566 716 2630 quidem
734 2565 800 2616 laetu
845 2565 955 2631 spernit,
979 2567 1084 2632 repetit,
1110 2567 1177 2632 quod
1199 2586 1277 2634 nuper
1301 2570 1393 2622 omisit.

249 2649 389 2700 victoribus.
407 2646 530 2697 Britanni
537 2647 700 2712 palantessq.
710 2648 800 2709 Longa
845 2648 942 2710 Integri
965 2647 1004 2697 illi
1019 2649 1124 2697 consilia
1139 2649 1237 2713 alique,
1252 2651 1320 2702 haud
1336 2667 1393 2716 pro·

253 2731 304 2780 alia
327 2743 381 2778 nox
405 2730 452 2779 fuit
469 2729 606 2778 Britannis.
625 2727 687 2776 Plus
704 2729 730 2776 in
747 2729 800 2776 solo
844 2729 940 2787 fotura,
972 2729 998 2776 iu
1022 2730 1098 2778 variis
1122 2732 1280 2795 opinionibus
1303 2734 1392 2784 misaa-

252 2809 374 2860 adiectiro
400 2808 467 2858 loeta
489 2809 622 2858 uictoribus
644 2824 704 2867 nox,
721 2809 742 2856 si
759 2823 800 2871 op·
844 2811 917 2870 baut,
935 2811 1010 2859 modo
1026 2811 1074 2860 hoe
1089 2812 1164 2860 modo
1177 2813 1393 2876 illudcapiebant:

251 2892 333 2956 posita
354 2891 476 2952 miseriis,
492 2905 554 2955 quas
570 2890 658 2940 eadem
673 2904 726 2938 nox
744 2889 800 2937 Bri·
844 2891 890 2940 rix
906 2898 1035 2955 ceperant,
1052 2906 1129 2956 quum
1141 2905 1226 2942 rursus
1234 2894 1393 2956 spernebant.

252 2975 337 3024 tannis
362 2973 493 3032 afferebat,
515 2971 650 3034 cogitatur,
666 2985 742 3036 quem
759 2969 800 3018 ad·
846 2969 974 3037 Separore
998 2987 1066 3022 nunc
1089 2973 1293 3036 intelligendum,
1318 2989 1394 3024 suum

252 3057 323 3108 ieetis
346 3054 439 3120 gaudia
461 3052 620 3118 praedoque,
647 3067 710 3118 quae
726 3052 801 3117 plane
846 3055 893 3104 sibi
918 3053 1023 3118 quisque
1047 3053 1179 3104 eonsilium
1203 3055 1336 3119 separatim
1351 3069 1393 3105 ca-

253 3137 362 3199 glossam
380 3136 487 3197 sapiunt.
846 3135 941 3199 pichot,
958 3135 1114 3198 sequebatur.

291 3214 388 3264 Vocare
413 3215 528 3277 integros.
554 3213 621 3263 Mihi
636 3201 707 3263 haud
723 3215 758 3262 ita
774 3213 801 3262 in
884 3213 1019 3279 Tamquam
1041 3215 1222 3266 misererentur.
1246 3217 1306 3267 Non
1331 3217 1396 3267 coei-

252 3301 370 3360 promptu
394 3300 431 3344 est
455 3294 548 3352 dicere,
574 3293 635 3357 quid
660 3294 692 3344 sit
713 3307 802 3343 vocare
848 3297 939 3346 debant
954 3310 988 3346 ex
1005 3298 1185 3357 misericordia,
1201 3304 1328 3362 tamquam
1341 3311 1396 3348 mv

253 3378 374 3442 integros,
391 3389 455 3441 quae
468 3375 802 3438 significatiomnsexmut-
847 3378 940 3426 iuribus
956 3377 1029 3426 malis
1044 3378 1185 3439 liberaturi,
1202 3380 1245 3428 sed
1259 3392 1293 3428 ex
1300 3377 1396 3440 iurare,

252 3460 344 3523 tipliei,
369 3459 428 3506 huic
452 3459 507 3507 loco
529 3457 663 3519 aptissima.
691 3455 802 3516 Omnes,
848 3457 996 3520 sanguinem
1012 3459 1119 3508 sitiente.
1138 3459 1219 3508 Tacit.
1236 3459 1396 3510 Annal.VI.

254 3547 376 3604 quantum
402 3539 476 3596 novi,
493 3544 584 3588 tacent.
603 3538 734 3600 Intelligo,
751 3551 803 3586 ver·
851 3544 889 3588 19.
915 3534 1040 3588 Irritatus
1062 3537 1206 3604 suppliciis,
1224 3550 1335 3600 cunctos,
1352 3542 1398 3604 qui

254 3621 293 3669 bis
315 3621 350 3668 ita
366 3619 538 3681 transpositis:
555 3615 676 3666 Britanni
687 3617 803 3682 palantes
848 3635 948 3669 earcere
964 3619 1143 3680 attinebantur,
1160 3619 1272 3670 accusati
1287 3637 1339 3669 cunt
1352 3619 1398 3669 Se·

252 3699 374 3763 mistoque
405 3697 513 3746 uirorum
545 3697 718 3759 mulierumque
749 3695 803 3760 plo·
849 3700 918 3760 iano,
943 3701 1028 3749 necari
1048 3701 1121 3750 iubet.
1143 3702 1186 3751 ubi
1199 3707 1266 3750 reete
1284 3700 1396 3750 Gronov.

254 3790 313 3831 ratu
339 3779 439 3829 trahere
463 3777 615 3836 oulrreratos,
640 3792 727 3824 vocare
743 3775 803 3824 inte·
851 3781 1105 3846 «irritamsssnguins
1122 3789 1147 3832 et
1163 3782 1245 3830 caede.
1264 3779 1398 3844 Significat

254 3878 326 3928 pros,
351 3860 451 3910 miscere
467 3858 567 3908 inuicem
583 3854 687 3906 consilio
703 3853 803 3918 aliqua,
848 3861 1021 3911 crudelitatem
1038 3864 1091 3912 eius
1107 3877 1159 3912 non
1176 3863 1324 3912 exsatiatam
1332 3863 1397 3912 mul·

255 3941 341 3992 dende
372 3955 504 4006 separare,
530 3938 642 3988 deserere
668 3935 748 3984 domos
773 3952 804 3986 uc
848 3942 955 3992 titudine
980 3944 1136 4006 punitorum,
1160 3945 1204 3994 sed
1227 3943 1294 3992 ultro
1310 3941 1398 3992 incita·

251 4022 379 4090 perirem
396 4021 462 4070 ultro
480 4019 620 4079 incendere,
637 4017 726 4082 eligere
744 4016 803 4066 late·
848 4028 913 4083 ism,
938 4030 967 4072 ut
988 4025 1094 4086 grassari
1119 4030 1219 4088 cuperet
1243 4025 1270 4072 in
1287 4022 1399 4087 plures?

253 4109 313 4155 bras
339 4112 361 4152 et
386 4100 470 4152 statim
495 4101 646 4165 relinquere,
669 4097 803 4161 aliquando
849 4105 931 4154 Furor
955 4103 1002 4155 iste
1027 4105 1164 4168 explendus
1189 4111 1240 4164 est,
1265 4107 1307 4154 vel
1322 4105 1401 4156 caede

248 4185 344 4252 sronqi
367 4199 404 4248 sq.
430 4183 530 4232 Vocant
546 4182 667 4247 inreyros,
684 4193 746 4228 voce
761 4193 805 4228 vo
849 4185 1024 4246 innoxiorum,
1041 4187 1084 4235 ubi
1100 4186 1184 4236 hostes
1199 4187 1299 4237 desunt.
1315 4186 1400 4237 Tau‘t.

253 4274 311 4316 cant
347 4271 498 4323 convocant,
516 4270 681 4328 congregant:
698 4275 804 4324 quorum
849 4265 918 4316 Hist.
945 4267 968 4316 1.
986 4272 1026 4317 63.
1044 4263 1140 4332 Raptis
1156 4275 1255 4332 repente
1272 4268 1348 4316 amnis
1364 4267 1404 4317 ad

254 4347 338 4408 aliqua
354 4347 486 4398 multitudo
500 4361 555 4398 cum
565 4343 735 4406 convenisset,
746 4357 803 4392 oon·
850 4345 945 4396 cosdem
963 4348 1076 4398 innoxiae
1093 4345 1217 4403 ciuitatis;
1235 4350 1403 4414 nonobprue·

254 4425 309 4476 eilia
325 4427 438 4478 miscunt.
851 4425 919 4490 dam,
946 4437 990 4479 aut
1012 4429 1136 4496 spoliandi
1153 4427 1279 4496 crepidine,
1297 4428 1344 4480 scel
1353 4432 1405 4495 jis·
