3074 5310
664 585 832 634 suerrus.
1252 575 1314 636 tot

175 755 246 806 ‘riou
269 769 331 806 esse.
365 753 452 806 Gloria
476 753 647 804 minorum
663 756 690 804 iu
707 756 763 805 aliis
778 755 851 804 rebus
868 755 953 804 miuus
969 761 1042 805 noeet
1059 757 1221 820 Impsrsteri,
1238 771 1315 822 seque

178 845 280 894 tolerari
303 849 396 908 petest,
422 847 550 906 temqusm
573 856 625 890 nou
650 841 683 890 sit
701 839 881 904 Imperatoris;
898 841 943 890 ssd
958 841 1039 904 glorie
1051 843 1179 901 militaris,
1195 857 1245 906 qus
1261 844 1315 893 dux

177 931 328 990 celebretur,
350 935 388 980 est
405 925 580 993 Imperatoria.
596 925 683 978 Gloria
691 918 869 977 ducishienou
877 926 1028 986 celebratur,
1038 927 1313 978 nisibeniexeellentis.

178 1017 248 1082 Ergo
264 1016 320 1066 boni
335 1021 372 1066 est
388 1027 575 1078 supervasum.
609 1011 797 1078 Supervacuum
812 1017 911 1080 quoque
926 1013 1054 1072 uirtutem,
1070 1019 1135 1077 quse
1151 1005 1209 1062 ium‘
1218 1014 1245 1064 in
1260 1015 1314 1078 gis·

179 1104 218 1152 ris
233 1099 339 1152 mitari
354 1102 483 1166 cogitetur.

211 1273 243 1324 P.
263 1277 317 1322 152.
353 1269 453 1322 Secreto
478 1287 521 1322 suo
546 1270 663 1321 satiatus.
697 1267 861 1320 Coniseersm
884 1283 998 1334 quoquer
1025 1266 1124 1318 Secreto
1149 1285 1191 1318 suo
1208 1270 1314 1323 abditus.

178 1358 281 1410 Tacitus
298 1357 368 1407 Hist.
384 1357 435 1407 IV.
453 1362 493 1408 86.
512 1357 580 1406 idem
595 1357 626 1405 de
642 1355 801 1404 Domitiano:
819 1355 846 1404 in
861 1353 1014 1404 solitudinem
1031 1355 1150 1406 conditus.
1166 1359 1198 1408 In
1215 1359 1315 1410 abditus

177 1454 214 1494 est
230 1441 328 1509 aliquid
343 1443 426 1494 minus
442 1441 549 1494 honesti.
585 1437 668 1504 Artigi
684 1441 717 1489 sd
733 1439 824 1489 Horat.
843 1437 926 1491 Germ.
943 1456 968 1506 p.
986 1445 1043 1492 200.

210 1615 242 1664 P.
262 1618 316 1664 158.
355 1609 404 1662 Tot
424 1609 544 1662 militares
568 1607 618 1661 uiri
643 1627 695 1660 cum
720 1617 756 1660 tot
780 1609 918 1660 cohortibus
943 1611 1084 1677 erpuqnati.
1118 1613 1260 1678 Legebsm:
1279 1621 1314 1664 tet

175 1695 285 1750 illustres
309 1695 366 1750 uiri.
401 1695 533 1762 Exemplis
557 1695 621 1746 udde
646 1693 705 1746 Liv.
723 1692 864 1749 XXXIII.
882 1701 922 1748 25.
940 1695 1084 1747 Exercitum
1101 1697 1153 1748 eius
1164 1701 1256 1764 susum
1272 1699 1315 1764 su-

174 1795 330 1851 qatumque‚-
345 1793 368 1833 et
392 1781 502 1832 illustres
518 1782 585 1832 uiros
601 1781 627 1831 in
643 1782 698 1830 acie
714 1780 838 1833 cecidisse.
871 1781 939 1833 Hirt.
957 1781 989 1832 (le
1006 1783 1038 1832 B.
1055 1781 1133 1835 Alex.
1152 1789 1193 1836 40.
1216 1784 1311 1836 Cecide-

145 1900 148 1905 -
175 1880 234 1922 runt
250 1887 278 1920 eo
292 1865 389 1936 proelio
406 1863 531 1935 splendidi
547 1875 621 1932 atque
636 1865 747 1916 illustres
762 1866 812 1917 biri
829 1867 922 1933 equites
936 1865 1051 1917 Romani.

211 2045 243 2095 P.
263 2049 318 2095 161.
335 2041 388 2110 Api
404 2038 453 2092 sibi
466 2037 669 2105 perrupturo
685 2045 734 2099 est,
752 2053 796 2087 nec
812 2039 908 2090 erubuit
922 2039 1033 2104 beneficii
1048 2038 1150 2092 inuidia.
1183 2039 1316 2094 Pulchrius

176 2132 309 2195 putabam,
334 2128 423 2179 deletis
447 2123 558 2187 beneficii
582 2123 690 2174 inuidia.-
715 2125 759 2190 aqi
783 2126 831 2176 sibi
853 2128 953 2192 pretias
974 2143 1067 2192 passus
1083 2137 1136 2189 est,
1153 2145 1195 2178 nec
1211 2127 1313 2179 erubuit.

177 2214 222 2264 Sic
248 2213 322 2267 Ovid.
349 2215 455 2265 Metam.
473 2212 524 2261 VI.
550 2215 590 2260 45.
617 2209 679 2260 Sola
700 2219 737 2261 est
760 2229 807 2262 non
823 2213 913 2262 territa
929 2214 1007 2277 uirqo,
1042 2211 1094 2264 Sed
1117 2221 1195 2262 tamen
1211 2213 1315 2266 erubuit.

177 2301 278 2351 Plinius
295 2301 375 2365 Epist.
393 2301 445 2351 IV.
464 2303 504 2350 22.
527 2299 560 2348 ee
584 2297 683 2349 cautla
708 2299 867 2358 Messallino,
893 2301 937 2363 qui
962 2301 1089 2350 luminibus
1103 2309 1204 2366 coptus,
1221 2299 1316 2365 inqenio

176 2399 249 2433 sueta
270 2382 336 2433 mula
354 2382 482 2433 coecitatis
498 2382 640 2434 addiderat.
676 2381 736 2432 Non
751 2385 896 2446 verebatur,
914 2402 960 2435 non
976 2387 1142 2445 erubescebat,
1159 2401 1204 2434 non
1219 2385 1315 2435 misere-

175 2469 256 2520 batur.
291 2467 321 2518 si
346 2467 448 2522 Teutas
473 2471 568 2537 aliquid
591 2469 735 2521 addendum
757 2470 902 2532 iudiesssst,
920 2473 988 2523 uliud
1004 2473 1151 2535 addidisset,
1168 2489 1193 2524 v.
1210 2488 1232 2524 s.
1249 2475 1315 2524 bene·

168 2553 230 2619 ficii
246 2554 362 2605 ludibrio.

209 2727 240 2777 P.
261 2732 315 2778 162.
351 2725 488 2794 Propriurn
513 2727 611 2778 burnani
635 2726 726 2792 inqenii
748 2735 786 2777 est
801 2727 893 2790 odisse,
911 2746 981 2794 quem
1002 2731 1113 2782 laeseris.
1148 2731 1265 2783 Fortasse
1280 2734 1314 2783 le·

175 2815 302 2878 gendum:
319 2812 458 2878 Proprium
474 2821 511 2862 est
526 2813 587 2863 mali
603 2811 695 2878 inqenii
711 2812 793 2864 odisse
810 2830 878 2880 quern
892 2813 995 2864 laeseris
1003 2838 1014 2873 ;
1030 2825 1059 2866 ut
1074 2819 1201 2883 proprium
1210 2820 1314 2868 estboni

175 2900 271 2964 ingenii
295 2901 427 2950 condiiare
451 2895 498 2950 sibi
514 2913 590 2964 quem
605 2901 712 2950 laeserit.
748 2899 908 2951 scribebatur
920 2903 1103 2966 propriumani.
1136 2905 1204 2952 Nota
1221 2911 1258 2952 est
1273 2917 1314 2954 ve·

176 2995 259 3038 torum
283 2988 420 3048 sententis,
445 3001 522 3052 quem
546 2986 668 3050 expressit
693 2983 795 3034 Grotius
820 2987 901 3049 Epist.
922 3001 945 3036 a.
964 2991 1037 3038 1685.
1072 2986 1118 3038 Illi
1133 2988 1253 3048 boninus,
1272 2990 1315 3054 qui

175 3089 213 3122 rne
229 3071 331 3122 oderunt
348 3070 553 3138 implacabiliter,
571 3071 630 3134 quia
644 3070 697 3119 sine
717 3085 807 3120 caussa
823 3070 951 3145 oderunt.¹

209 3225 241 3274 P.
262 3229 316 3275 les.
351 3222 492 3274 Doneitiuni
515 3239 572 3272 uero
587 3230 691 3281 natura,
705 3236 830 3287 praeceps
844 3222 870 3272 in
887 3224 950 3274 iram
966 3233 990 3274 et
1003 3241 1050 3289 quo
1067 3225 1191 3278 obscurior
1209 3243 1235 3278 ee
1252 3228 1313 3279 irre·

175 3311 309 3361 vocabilior
318 3349 326 3373 ,
343 3311 507 3362 moderatione
524 3319 603 3359 tanen
615 3306 801 3374 prudentiaque
817 3305 951 3374 Apricolae
967 3311 1109 3362 leniebatur.
1143 3313 1260 3375 Natura,
1277 3317 1314 3366 in-

175 3400 292 3464 genium,
309 3399 406 3449 indoles
422 3397 562 3448 Domitiani
578 3410 629 3446 non
646 3395 793 3444 leniebatur.
829 3397 950 3446 Manebat
967 3399 1061 3448 eedem.
1081 3399 1145 3458 Sed,
1161 3413 1313 3465 quemquam

175 3485 338 3536 Domitianus
361 3489 415 3534 eret
439 3487 528 3534 ustura
548 3483 676 3552 praecipiti
692 3483 719 3530 in
737 3483 813 3546 irem,
830 3487 866 3541 et,
886 3483 908 3530 si
923 3483 975 3532 irus
991 3499 1043 3533 uon
1059 3486 1143 3534 stetim
1159 3486 1313 3550 indulgeret,

174 3572 229 3620 irae
253 3583 284 3620 eo
298 3569 381 3634 magis
403 3583 517 3630 memor,
533 3577 618 3621 tumen
634 3571 661 3620 in
680 3569 802 3634 Agrianis
818 3573 869 3618 erut
885 3568 973 3618 lenior.
1008 3570 1078 3619 Irsm
1093 3576 1159 3620 certe
1175 3571 1202 3620 ln
1219 3585 1314 3622 annum

173 3663 292 3707 courum
312 3656 417 3708 distulit.
452 3655 527 3707 uine
548 3669 648 3708 securus
672 3663 726 3706 eret
749 3656 808 3706 odii.
843 3655 993 3719 Lugendum
1016 3655 1123 3706 videtur.
1151 3653 1310 3708 Domitianus

173 3759 246 3801 uero,
271 3741 362 3793 neberti
382 3757 507 3808 praeceps
530 3741 557 3792 in
580 3743 645 3792 iram
659 3769 694 3780 -
710 3741 853 3792 leniebatur.
886 3726 1026 3793 Demittunt
1043 3751 1134 3792 nutura
1149 3750 1175 3793 et
1190 3745 1243 3807 ipse
1259 3741 1312 3793 Du·

173 3829 292 3880 setim
307 3829 335 3878 in
351 3829 404 3901 heu-
415 3828 538 3878 sentsutis
553 3839 605 3878 uon
621 3829 697 3894 plene
712 3835 770 3878 suut
787 3828 883 3880 eudem.

209 3981 239 4030 P.
260 3985 316 4030 168.
349 3979 403 4029 Per
428 3982 544 4046 abrupta.
580 3979 654 4032 Ovid.
680 3983 785 4032 Metam.
808 3981 888 4031 XIII.
914 3986 971 4033 578.
998 3974 1106 4045 Siquid
1120 3981 1200 4033 adbuc
1215 3979 1312 4044 audes,

173 4083 205 4116 err
220 4066 403 4132 praecipitique
418 4065 553 4132 petendum.
1177 4078 1178 4082 ’

208 4219 239 4267 Ρ.
259 4222 314 4268 166.
348 4216 430 4266 Nobis
454 4213 517 4264 nibil
532 4219 661 4283 comperti,
679 4222 803 4284 affirmare
820 4218 905 4268 ausim.
941 4219 1132 4286 Nipperdeyus:
1150 4219 1232 4270 Nebis
1249 4219 1312 4271 nibil

176 4303 301 4368 comperti.
337 4302 394 4352 Nec
410 4310 455 4351 aut
471 4316 561 4366 nequre
579 4313 623 4354 uut
639 4309 763 4370 affirmare
780 4308 865 4357 ausim.

211 4456 243 4506 P.
263 4457 317 4506 167.
352 4451 468 4505 Excessit
493 4463 581 4519 quarto
606 4463 629 4505 et
654 4453 851 4526 quinquuqesirno
873 4475 950 4518 anno,
977 4457 1067 4508 decimo
1084 4454 1222 4512 Kalendas.
1258 4461 1310 4512 Me·

175 4542 225 4594 lius
241 4543 282 4594 hic
299 4541 444 4595 sileretur:
463 4553 551 4607 quarto
569 4553 594 4594 et
612 4543 809 4611 quinqunqesirno
827 4547 913 4600 uelutis
931 4562 1000 4596 anno.

1183 4638 1214 4682 26
