3130 5308
219 543 287 602 tue
650 544 801 596 connrnrr
824 545 934 593 rrcrrr

219 725 348 789 mestice
387 741 488 787 unum
521 741 558 784 er
593 715 709 804 regulis
732 714 834 801 gentis
857 723 1041 800 exceperat,
1067 731 1103 774 nc
1127 708 1231 798 specie
1255 713 1369 777 amiei-

217 830 281 894 tiss
316 829 348 894 in
385 827 581 893 occasionem
616 817 783 885 retinebat.
821 817 922 906 Saepe
957 839 994 883 er
1030 837 1067 880 eo
1092 814 1217 892 audiri,
1242 815 1368 905 legione

219 955 283 998 una
326 945 358 999 et
403 930 532 996 modicis
577 924 700 991 auxiliis
738 923 893 989 debellari
940 921 1140 1009 obtinerique
1180 919 1367 986 Hiberniam

222 1139 351 1204 differat.
373 1135 467 1189 Melias
483 1135 579 1186 adime:
597 1133 701 1200 defferre
719 1135 770 1184 rias
814 1143 898 1188 tamen
914 1141 989 1202 paulo
1002 1139 1134 1190 meliors.”
1156 1140 1224 1192 Turn
1232 1142 1364 1200 credere

220 1220 319 1270 aditus:
337 1235 379 1270 areo
396 1218 421 1272 ia
436 1217 529 1268 melias.
550 1217 668 1266 Fortasse
684 1216 768 1280 legen·
814 1219 1369 1288 etiusesset:lroadmultamiamelinadiffert.

219 1303 296 1352 dum:
319 1297 510 1350 Haadmultnm
526 1313 543 1345 a
561 1293 698 1346 Britannia
715 1295 767 1360 ‹tis-
831 1295 913 1363 Saepe
939 1315 970 1348 en
994 1317 1022 1350 eo
1047 1300 1141 1352 audin.
1168 1303 1299 1367 Bipontini
1316 1304 1368 1351 edi·
1409 1291 1411 1296 ¹

214 1381 286 1447 sert,
306 1380 391 1430 sedin
406 1379 498 1429 melius.
516 1379 574 1426 Non
592 1379 699 1426 nrnltum
714 1377 768 1441 qni·
813 1380 903 1428 derunt
928 1379 1031 1430 ordivit.
1063 1381 1122 1430 Hoc
1146 1381 1209 1431 mihi
1232 1383 1370 1446 aliquando

218 1463 276 1512 dem
301 1461 398 1519 differt,
422 1459 466 1509 sed
490 1459 517 1508 in
539 1473 590 1523 quo
606 1457 703 1517 differt,
719 1457 767 1506 hoc
813 1461 887 1509 valde
903 1460 1023 1524 placebat.
1046 1461 1159 1526 Regulus
1175 1463 1202 1512 id
1221 1463 1283 1512 scire
1300 1470 1368 1526 pote-

218 1544 308 1593 melius
333 1548 382 1601 est,
407 1541 541 1590 discrimen
565 1537 629 1587 illud
646 1538 767 1600 exiguum
812 1546 863 1600 rat,
883 1540 1005 1604 Agricola
1021 1556 1072 1590 nou
1089 1549 1203 1606 poterat,
1219 1543 1269 1592 nisi
1285 1555 1320 1592 ex
1337 1557 1370 1593 eo

218 1631 256 1680 ert
280 1624 307 1672 in
323 1628 419 1686 partem
434 1620 571 1669 meliorem.
590 1617 666 1679 Quod
682 1620 715 1668 sd
729 1619 767 1668 in·
812 1621 900 1683 regulo
908 1620 1050 1671 audivisset.
1069 1623 1120 1672 Hic
1129 1623 1277 1686 Agricolam
1284 1623 1369 1672 horta·

217 1706 293 1768 genis
307 1705 451 1768 cultumque
466 1702 599 1751 homiuum
614 1701 716 1758 attinet,
733 1713 767 1748 ex
812 1703 927 1751 tnanovi
934 1703 1094 1762 Hiberniam,
1103 1705 1261 1763 dicebat‚una
1267 1705 1369 1768 legione

219 1784 343 1834 Strabone
367 1791 393 1834 et
413 1782 555 1847 Pomponio
572 1781 642 1832 Mela
659 1782 766 1831 efficeres
813 1783 1370 1850 etmodicisauxiliis,inqnibusmestibipol·

217 1867 377 1916 ceramium.
405 1863 457 1916 Sed
481 1863 614 1928 Agricola,
640 1869 665 1912 et
687 1875 720 1912 ex
737 1873 767 1910 eo
812 1861 1369 1930 lioeorcontrainimicos,totaminsnlampo-

218 1949 332 2008 Tacitus,
359 1945 510 1998 Hiberniam
533 1945 609 2009 panio
631 1943 767 1994 accuratius
813 1951 849 1994 tes
857 1945 983 1994 debellare
999 1950 1024 1994 et
1041 1943 1167 1995 obtinere:
1182 1946 1230 1995 hoo
1238 1946 1313 1994 simul
1321 1947 1370 1996 tibi

218 2035 395 2093 cognoverant.
438 2027 525 2090 Atque
548 2027 611 2076 baec
634 2028 767 2074 narrantur
813 2026 922 2088 portarit
945 2032 1033 2076 eontra
1053 2026 1221 2076 Britanniam.
1240 2027 1298 2081 Tali
1314 2027 1369 2090 opi-

218 2111 304 2160 multis
319 2109 392 2159 annis
406 2115 462 2172 post
470 2108 620 2158 Strabonem
628 2112 654 2156 et
662 2105 766 2154 Melam·
813 2107 896 2166 niani,
923 2107 1005 2156 iudice
1031 2107 1145 2166 Rutulo,
1165 2113 1210 2157 net
1224 2107 1278 2170 ipsa
1293 2121 1367 2172 repn-

220 2192 314 2240 Aditus
337 2195 472 2253 penusque
488 2188 628 2237 Hiberniae
644 2199 688 2250 per
704 2199 767 2235 mer-
812 2193 875 2251 gnat
891 2187 1027 2246 sententie,
1042 2201 1117 2251 snpra
1133 2187 1209 2236 fidem
1226 2187 1324 2237 servitis
1341 2195 1369 2239 et

216 2277 312 2320 catores
328 2269 430 2332 cogniti.
448 2268 508 2316 Hoc
523 2268 573 2316 inm
586 2267 767 2316 humanitatem
812 2269 854 2318 vel
887 2269 1052 2318 abiectissimo
1084 2267 1210 2331 mancipio
1235 2268 1370 2332 indigna.”

216 2352 355 2414 quendem,
380 2343 526 2413 praesertim
550 2349 578 2397 iu
603 2349 654 2396 oris
674 2345 767 2396 mariti·
814 2349 940 2408 Hiatorle,
971 2349 998 2397 ni
1028 2349 1114 2408 lallor,
1148 2349 1235 2408 docet,
1268 2363 1369 2413 semper

218 2433 283 2490 mis,
299 2429 417 2480 ostendit.
442 2429 540 2480 Certior
555 2428 666 2492 proiecto
683 2428 725 2476 bic
740 2427 767 2476 ri·
812 2429 890 2480 inisse
906 2430 967 2478 talis
982 2430 1121 2492 mancipia,
1137 2429 1182 2493 qni
1198 2430 1224 2478 vi
1239 2443 1367 2480 armorum

219 2515 277 2572 des,
302 2513 346 2561 ubi
368 2510 489 2575 Agricola
513 2523 598 2558 seeum
612 2509 716 2560 baberet
731 2522 767 2558 re·
813 2510 1003 2573 peregrinorum
1028 2511 1160 2574 sperabant
1182 2523 1209 2560 sa
1225 2511 1369 2562 restitutum

220 2593 320 2656 guium,
334 2605 410 2656 quern
426 2593 508 2654 specie
524 2591 648 2641 amicitiae
663 2590 767 2639 inocoa·
813 2592 845 2640 iri
869 2592 896 2640 in
920 2603 1042 2655 regnum,
1067 2591 1137 2639 unde
1161 2596 1232 2640 erant
1257 2593 1366 2655 expulsi.

220 2676 317 2724 donem
340 2673 471 2722 retinebat
489 2672 595 2720 Etiamsi
612 2667 715 2720 fortasse
730 2684 769 2720 re·
814 2671 846 2720 In
871 2677 955 2722 vetare
978 2669 1083 2720 historia
1099 2672 1203 2721 ostendo
1219 2674 1368 2736 exemplam

220 2757 295 2820 galus
315 2755 484 2803 conditionem
501 2753 597 2824 insulae
613 2753 769 2816 aliquantum
815 2753 1010 2817 Tarquiniorum
1026 2753 1092 2814 apud
1106 2752 1251 2802 Porsenam.
1269 2755 1368 2807 Exem-

219 2835 358 2894 ornaverit,
372 2847 422 2898 quo
429 2834 510 2898 magis
519 2833 678 2896 Agricolam,
687 2833 769 2896 ipsam
813 2833 862 2896 plis
878 2840 977 2883 nonnae
985 2833 1122 2883 memoriae
1135 2833 1258 2894 abstineo,
1267 2847 1368 2894 eornm,

218 2918 270 2966 ianr
294 2916 435 2975 volentem,
459 2915 492 2965 ad
515 2915 625 2964 insulam
648 2925 768 2976 occupan·
814 2915 857 2976 qni
873 2915 900 2963 in
917 2916 990 2963 tnrba
1004 2914 1166 2963 salutantium
1174 2915 1200 2962 in
1208 2914 1305 2978 porticu
1313 2915 1368 2964 Ns-

218 3000 278 3049 dam
294 2997 509 3060 innitaret‚magis
517 2996 558 3044 hio
565 2995 700 3059 quaeritur,
708 2994 769 3056 quid
813 2995 1089 3059 polaouislldriordiae
1098 2995 1366 3055 morabantur,etrix

221 3079 358 3156 Agricola.
366 3078 499 3126 crediderit
525 3082 551 3126 et
584 3075 686 3126 Tacitus
710 3076 768 3124 scri·
812 3078 915 3127 tandem
931 3077 1033 3126 admissi
1049 3075 1208 3135 orabant,nt
1222 3075 1368 3126 veldemrro

219 3161 303 3224 pserit.
321 3158 451 3221 Cupiditas
467 3158 537 3207 ducis
554 3157 767 3220 Romanipotiuu-
813 3171 915 3207 snorum
939 3159 1135 3207 restituerentur.
1161 3155 1277 3206 For-tasse
1293 3169 1368 3220 regu-

220 3242 267 3289 dee
291 3240 432 3288 Hiberniae
456 3239 482 3286 in
499 3238 569 3286 omni
585 3238 701 3286 oratione
717 3237 767 3286 ela·
812 3238 852 3286 lns
869 3238 998 3288 Hibernas
1014 3239 1041 3287 irr
1058 3235 1157 3286 modieis
1174 3235 1290 3296 canitis,
1308 3251 1367 3288 sno·

218 3325 266 3370 eet.
292 3319 421 3384 Privatam
442 3319 469 3367 in
486 3331 516 3368 eo
532 3318 632 3367 laudam
648 3324 674 3366 et
688 3317 768 3381 publi·
812 3333 870 3366 rum
898 3331 997 3382 qnoque
1022 3317 1162 3368 amicorum
1186 3317 1213 3368 in
1239 3319 1367 3370 Hibernia

218 3415 275 3451 eam
299 3401 433 3450 utilitatem
457 3399 499 3462 agi
514 3400 624 3464 patabat.
643 3399 719 3460 Quod
735 3401 767 3449 ad
812 3399 983 3462 pollicebatur.
1017 3400 1092 3450 Ratio
1107 3399 1210 3463 quidem
1233 3399 1367 3450 Gramma-

218 3483 411 3534 ioeeunditatam
423 3482 471 3531 soli
482 3483 584 3542 attinet,
598 3481 687 3544 Pomp.
698 3481 768 3530 Mela
812 3480 874 3539 rica,
891 3495 967 3544 qnam
985 3481 1098 3530 Krirnius
1105 3481 1203 3530 obstare
1210 3486 1366 3544 putat,quo·

218 3577 311 3627 pascua
339 3563 479 3612 Hiberniae
502 3563 575 3612 valde
598 3564 697 3622 laudat,
723 3563 767 3611 sed
812 3561 897 3609 minus
911 3575 941 3608 es
963 3575 991 3608 eo
1008 3559 1141 3624 accipietur
1158 3575 1189 3609 ex
1204 3560 1304 3625 reputo,
1321 3575 1367 3612 me

219 3643 309 3694 eoelum
333 3641 369 3691 od
391 3640 539 3692 maturando
556 3643 645 3692 semina
660 3640 767 3706 iniquum
813 3655 864 3690 non
889 3639 1038 3699 offenderet,
1064 3655 1146 3706 neque
1162 3653 1221 3690 cnm
1237 3642 1293 3690 aliis
1309 3657 1366 3692 mn·

218 3723 287 3774 dicit.
322 3724 395 3774 Idem
425 3723 527 3772 Tacitus
557 3724 589 3772 de
621 3723 766 3782 Britannia,
812 3728 892 3771 tarem
917 3721 943 3770 in
970 3719 1012 3769 illo
1037 3722 1078 3770 vel
1103 3737 1160 3784 qno.
1187 3720 1309 3784 Agricola
1325 3730 1366 3773 est

212 3806 308 3870 srapea
332 3804 358 3852 ia
383 3819 412 3852 eo
437 3801 508 3853 tarde
524 3803 655 3852 mitescere.
673 3801 767 3852 Reoen·
813 3803 967 3860 subiectum,
997 3809 1022 3851 et
1047 3807 1132 3852 manet
1156 3803 1307 3863 subiectam
1334 3819 1367 3852 er

219 3887 295 3936 tiores
310 3889 408 3944 auteur,
423 3885 534 3934 Isidorus
550 3889 575 3933 et
593 3882 696 3935 Orosius
712 3885 767 3933 noi·
813 3899 841 3931 eo
857 3881 1246 3942 andnanihilinesramatst.
1265 3885 1366 3936 Verum

216 3981 289 4017 verse
312 3965 506 4016 foecunditatem
530 3970 679 4013 memorant.
705 3963 767 4016 Oro
813 3964 881 4012 enirn
897 3976 971 4022 vero,
988 3963 1010 4013 si
1025 3965 1126 4026 regulus
1143 3970 1211 4014 reete
1227 3964 1365 4028 Agricolae

217 4048 269 4098 sius
293 4048 316 4097 I.
342 4053 367 4097 a.
393 4043 467 4096 Haeo
478 4045 585 4112 propior
603 4041 766 4107 Britanniae,
813 4045 934 4094 affirmare
950 4045 1071 4107 potnerit,
1089 4046 1121 4094 ad
1135 4047 1307 4108 occupandam
1315 4047 1367 4097 Hi·

217 4129 301 4195 spatio
325 4137 446 4178 terrarum
471 4126 611 4192 aspernor,
638 4125 682 4176 aad
705 4127 768 4178 coeli
813 4123 926 4174 bernium
951 4139 1002 4173 non
1019 4126 1102 4189 plnres
1118 4139 1171 4176 una
1187 4127 1288 4189 legione
1304 4140 1365 4176 auur

216 4210 310 4275 solique
328 4210 442 4276 temperie
456 4207 620 4274 mapisatilis.
637 4209 766 4259 Dronkirn
812 4205 917 4254 modicis
941 4205 1043 4255 auxiliis
1067 4207 1173 4270 requiri,
1196 4208 1281 4256 minus
1296 4214 1369 4258 reete

217 4293 293 4342 verba
306 4292 332 4341 in
348 4290 445 4350 mettas,
464 4297 491 4338 at
507 4290 643 4354 glossema,
660 4291 768 4340 delenda
812 4287 947 4335 admonere
971 4297 1029 4336 enm
1046 4288 1125 4350 potuit
1143 4287 1190 4336 hoc
1206 4301 1305 4352 quoque
1323 4290 1368 4338 ad·

218 4379 309 4421 cenat.
327 4372 402 4421 Delet
418 4370 642 4436 quoqueWexius.
653 4371 766 4420 Kritrias
812 4379 896 4417 versus
914 4367 1073 4418 Britanniam
1089 4367 1259 4432 profuturum·¹
1276 4367 1298 4418 si
1314 4367 1369 4418 Ro·

216 4453 403 4515 interpetatur:
414 4453 767 4516 abaeoomniaiarepariased
812 4461 888 4498 mana
911 4449 1003 4512 ubique
1020 4463 1091 4498 orma
1106 4450 1323 4511 conquerentur,
1342 4457 1370 4500 et
