3074 5310
654 567 820 616 suessos.
1243 549 1302 630 191

174 731 388 797 septentrionalem
412 742 437 784 et
459 735 523 785 inter
549 735 670 786 cardinem
695 735 767 797 coeii,
793 735 834 785 nbi
850 734 887 785 sol
904 734 977 787 etiam
993 749 1036 784 see
1051 735 1168 786 mendino
1184 733 1304 785 continuis

174 833 221 867 non
236 817 342 869 uidetur.
375 815 467 886 Itaque
482 820 508 870 in
530 818 637 883 Oceano,
654 822 680 872 in
696 838 727 871 ea
739 831 828 887 parte,
845 837 874 870 ne
890 821 1005 888 naminari
1021 820 1115 886 quidem
1128 819 1304 887 possedissent

168 912 277 969 propter
296 921 363 954 mare
387 907 543 972 conoelotum.
577 907 645 958 Bina
669 911 785 972 exempla
808 910 903 960 addidit
919 910 958 960 vir
974 910 1072 969 doctae,
1088 907 1132 972 qui
1148 912 1226 959 totam
1242 905 1303 956 For·

172 991 232 1039 etesi
257 991 443 1044 annotationem
464 995 496 1044 sd
519 995 693 1045 illustrandum
709 995 872 1045 Plutarchum
887 995 974 1046 retulit
989 995 1016 1044 in
1035 994 1126 1044 iudicio
1142 1008 1187 1044 eno
1203 994 1235 1044 dc
1250 1005 1304 1042 ver·

172 1076 244 1125 sione
259 1076 426 1128 Neerlandica
441 1079 557 1129 Vltarum
574 1080 715 1142 Plutarchi,
732 1083 802 1131 cuiue
818 1088 929 1132 auctores
944 1081 1036 1130 deinde
1051 1079 1213 1143 eognovimus
1229 1077 1305 1127 inisse

172 1159 213 1212 01.
230 1162 279 1213 Eu.
296 1162 533 1228 wssssnborgmum
549 1171 575 1217 et
590 1166 680 1217 Herm.
698 1167 842 1217 Bosecham.
877 1167 945 1216 Illud
960 1166 1094 1227 indicium,
1107 1166 1306 1230 elegantsr,mo·

172 1248 256 1310 dene,
273 1250 370 1300 esudite
376 1253 524 1314 expositum,
540 1251 654 1303 invenias
670 1253 697 1303 in
713 1253 779 1304 libro
794 1252 973 1304 Neerlandiem
990 1248 1131 1316 Bijdraqen
1144 1257 1183 1299 ter
1195 1245 1305 1298 tevorde·

171 1332 228 1400 rina
252 1334 297 1385 der
320 1334 420 1386 somene
443 1334 556 1388 Konsten
579 1354 609 1388 en
639 1336 847 1404 Wetenscliappen
871 1338 1011 1404 uitaeqeoen
1036 1335 1096 1386 deor
1121 1333 1175 1385 Mr.
1192 1331 1305 1400 Etyma

171 1421 249 1474 Petet
272 1437 301 1472 en
324 1421 436 1473 Jacoias
459 1421 609 1475 Konteiaar.
626 1423 710 1476 Amat.
736 1419 1304 1486 1191111191.Αιιοω11111111111111

171 1509 215 1560 diu
236 1509 285 1559 fuit
300 1511 408 1575 ignotus.
426 1510 542 1562 Tandem
557 1511 715 1562 coniecerunt
730 1511 808 1561 fuisse
823 1510 855 1560 P.
873 1509 905 1560 L.
924 1507 1167 1573 Stnuchtmeyerum,
1184 1511 1304 1556 rectorem

171 1593 304 1660 (ἔγ-1111111111
328 1593 492 1660 Groningaui.
516 1597 550 1646 Et
571 1596 648 1647 fuisse
663 1597 726 1647 mihi
743 1611 776 1646 ex
792 1598 878 1648 multis
894 1595 1051 1646 documentis
1066 1592 1185 1644 constitit.
1220 1590 1305 1652 Quare

170 1695 222 1729 uon
247 1681 339 1730 mirum
362 1681 426 1731 mihi
450 1681 551 1742 accidit,
575 1683 650 1733 istam
673 1683 909 1733 commentationem
934 1683 967 1732 ab
989 1681 1105 1731 omuibus
1120 1693 1205 1731 rerum
1219 1678 1306 1744 peritis

169 1766 244 1816 valde
264 1766 369 1817 laudari.
402 1767 436 1818 Et
460 1773 512 1817 erat
529 1765 759 1832 Stnuchtmeyems,
776 1775 804 1816 ut
820 1772 941 1818 testantur
957 1768 1048 1831 scripta
1064 1767 1145 1827 edita,
1162 1771 1187 1816 at
1202 1765 1304 1826 inedita,

167 1865 241 1916 quae,
258 1867 274 1902 a
290 1852 422 1903 Meinsrdo
439 1853 604 1918 Tydemanno
621 1859 711 1917 empta,
727 1852 1303 1917 sidi‚erst‚iuquaun‚virilleprudentiesimus‚

169 1937 291 1987 modestia
314 1944 339 1988 et
362 1938 456 2002 insigni
479 1940 592 1990 doctina
608 1940 746 2001 excellens,
763 1941 833 1990 cuius
849 1939 984 1990 memoriae
999 1938 1048 1988 hoe
1063 1939 1154 1999 debeo,
1171 1939 1301 2003 nigratis

169 2023 233 2072 sima
256 2029 341 2074 mente
364 2025 492 2089 profitear,
515 2041 557 2076 mc
581 2027 742 2091 puerum‚in
759 2024 897 2091 Gymnneio
913 2024 1076 2089 Grouingsno
1092 2025 1164 2075 initio
1179 2026 1253 2075 huius
1269 2039 1305 2075 se

168 2108 219 2158 culi
234 2108 387 2169 institutum,
403 2117 502 2163 tantum
516 2112 555 2162 illi
570 2111 661 2163 resume
677 2117 816 2176 acceptum,
832 2117 954 2177 quantum
969 2110 1104 2175 discipulus
1120 2111 1214 2176 optimo
1231 2125 1300 2175 pree·

170 2195 263 2261 captori
278 2195 371 2248 reiense
387 2200 472 2263 possit

202 2367 233 2418 Ρ.
259 2373 300 2419 65.
333 2365 442 2420 Manere
465 2370 568 2436 impiere
592 2371 685 2421 obeant.
719 2371 769 2421 Vir
793 2369 902 2420 eruditus
926 2369 1099 2435 Nipperdeyus
1114 2370 1142 2418 iu
1157 2368 1222 2419 libro
1239 2366 1300 2420 Ger·

167 2456 267 2506 manico
300 2455 435 2507 Rheiuiech
459 2457 577 2507 Muscam
602 2457 652 2508 Tu.
680 2460 718 2506 19.
743 2457 812 2507 dedit
833 2456 1018 2506 observationes
1043 2454 1069 2504 in
1086 2453 1235 2520 Agsicoiam
1250 2455 1299 2504 Ta·

168 2539 219 2588 citi.
254 2540 305 2590 Eas
334 2555 432 2593 mecum
456 2543 647 2595 communicavit
671 2541 710 2595 Cl.
736 2543 849 2594 Boetius.
883 2541 1057 2606 Nipperdeyus
1081 2541 1122 2591 hic
1146 2553 1191 2605 pro
1215 2540 1301 2590 obeant

168 2626 268 2690 legebat
285 2627 394 2677 sedeant.

201 2797 232 2847 P.
250 2801 290 2848 66.
325 2795 408 2865 luitur
429 2800 526 2866 prinms
549 2801 658 2851 omnium.
693 2799 854 2852 conieceram
871 2800 969 2867 leniter.
999 2799 1032 2849 Iu
1049 2796 1124 2848 Livio
1141 2795 1230 2848 XLV.
1258 2796 1302 2862 iai·

167 2892 208 2932 tur
232 2891 374 2949 conopeum
397 2887 502 2938 eoniioio
526 2888 553 2937 in
578 2885 676 2937 dame.
695 2884 798 2937 Livinei
831 2885 862 2944 (L
887 2885 985 2937 Licinio
1000 2883 1101 2945 censali,
1117 2881 1154 2933 ad
1168 2881 1304 2949 quadrigas

166 2968 298 3019 mittendae
329 2970 478 3033 escendenti,
511 2971 663 3033 tabularios,
696 2973 739 3037 qni
771 2988 798 3021 se
827 2988 857 3022 eo
888 2969 1039 3022 Macedonia
1062 2969 1145 3018 venire
1169 2967 1262 3017 diceret
1287 2968 1301 2998 *

166 3053 295 3105 laureatae
326 3055 414 3107 literas
445 3057 545 3108 dicitnr.
589 3057 725 3124 Qnadriyis
757 3058 839 3108 missis
873 3055 956 3107 constet
980 3069 1077 3105 canam
1101 3051 1252 3102 conscendit:
1274 3060 1302 3102 et

167 3155 240 3204 wem
265 3156 314 3206 per
338 3141 427 3192 droam
449 3142 604 3194 revelleretur
628 3142 664 3194 ad
679 3144 758 3209 seros
778 3141 903 3209 publicos,
928 3142 1057 3193 mareotae
1082 3136 1184 3189 tabelias
1205 3137 1300 3203 popule

165 3225 279 3276 ostendit.
312 3227 409 3278 Vocem
426 3245 442 3279 a
456 3229 563 3280 librariis
585 3229 716 3290 emmaum,
733 3227 777 3279 alii
793 3227 864 3279 aliter
880 3227 1008 3293 supplent,
1025 3231 1054 3275 ut
1069 3223 1221 3276 reddidisse:
1238 3222 1301 3276 Gro·

166 3312 256 3362 novius
279 3328 324 3378 pro
348 3313 440 3365 dicitnr
464 3315 610 3367 coniiciebat
634 3316 750 3369 tradidit.
775 3316 863 3381 Leges
889 3314 1043 3376 tabularios,
1060 3311 1103 3379 qni
1118 3327 1145 3361 se
1162 3325 1192 3360 en
1210 3308 1294 3362 Mace·

166 3397 240 3448 mesia
263 3399 345 3450 venire
369 3399 478 3466 diceret,
503 3401 610 3454 tradidit
631 3402 760 3454 laarmtas
776 3402 870 3454 literas.
905 3398 989 3467 Iaitas
1005 3396 1135 3464 quadrinis
1151 3396 1233 3446 missio
1246 3412 1299 3447 eon·

168 3483 208 3535 set
232 3500 269 3551 eq.

199 3656 230 3707 Ρ.
248 3659 289 3707 67.
327 3656 405 3709 Velox
427 3657 522 3724 inqendo
538 3659 619 3710 mobili
631 3660 791 3726 poenitentia.
825 3660 885 3710 Huc
902 3659 1008 3725 pertinet
1024 3659 1113 3709 Livius
1130 3655 1239 3708 XXXI.
1257 3661 1298 3707 ³2.

166 3738 230 3790 Rem
253 3743 334 3808 moeni
358 3742 506 3795 discriminis
529 3744 637 3795 consiliis
653 3745 744 3795 nnllam
759 3761 811 3795 esse
828 3754 877 3796 tam
894 3745 1029 3806 inimicans,
1046 3760 1119 3810 qnam
1135 3742 1298 3801 coimitatores,

167 3827 240 3877 dieis.
279 3826 384 3879 Celerem
399 3831 460 3880 enim
472 3826 664 3897 poenitentiam,
682 3830 726 3881 ssd
741 3831 839 3883 eandem
855 3847 935 3883 seram
951 3840 1026 3896 atque
1041 3828 1151 3881 inutilem
1167 3830 1244 3894 sequi.

200 3998 231 4046 P.
251 4001 290 4048 te.
330 3997 446 4050 Mortuus
479 4018 524 4051 non
547 4004 622 4055 habet
641 4001 732 4068 filium,
766 4004 809 4052 sed
835 4002 926 4054 inbuit.
961 4002 1034 4052 Idem
1059 4001 1144 4052 induit
1167 4000 1233 4051 filios
1257 4015 1295 4050 su·

167 4084 288 4146 perstites.

199 4257 229 4304 P.
250 4258 288 4306 71.
323 4253 351 4305 Ε
366 4257 451 4320 quibas
468 4259 570 4324 heatus.
587 4263 707 4314 Erneetue
723 4275 810 4312 verum
826 4263 928 4326 putebat
944 4263 1201 4326 locatam—saeuire.
1211 4263 1298 4315 Livius

165 4343 287 4405 imprimis
303 4343 368 4393 hanc
384 4344 502 4408 loquendi
511 4345 615 4398 formam
624 4357 698 4400 amet:
707 4349 764 4398 vide
772 4364 797 4397 v.
806 4363 827 4396 o.
838 4350 872 4398 V.
883 4352 923 4398 24.
934 4346 1012 4400 XXI.
1025 4353 1063 4398 12.
1073 4349 1106 4400 Et
1113 4347 1246 4400 XXXIV.
1256 4354 1298 4410 61,

165 4428 265 4491 dempta
275 4429 381 4491 litoreis,
398 4430 578 4480 restimendum
595 4433 689 4486 iudico:
706 4434 845 4484 Aristonem
860 4432 977 4498 quendam
998 4432 1099 4500 Tyrium
1116 4437 1245 4501 aduenam,
1263 4439 1297 4488 in·

165 4521 282 4563 structam
306 4515 428 4566 mandatis
453 4517 483 4565 ab
505 4515 627 4568 Annibale
653 4530 677 4570 et
702 4523 732 4572 ab
753 4518 872 4572 Antiocho
889 4535 959 4586 reae,
975 4522 1081 4572 venisse.-
1098 4533 1178 4576 certos
1195 4524 1298 4576 immines
