3130 5308
198 533 261 596 116
615 541 769 590 consumi
792 541 904 589 rrcrrr

201 715 353 807 praedata
390 735 541 804 magnum
577 724 608 778 et
642 713 799 776 incertum
833 720 986 775 terrorem
1022 709 1161 789 laceret,
1197 713 1346 801 expedito

202 822 369 899 exercitu,
406 820 459 885 cui
493 841 529 884 ex
565 816 725 882 Britannia
756 813 940 879 fortissimos
963 826 995 881 et
1018 814 1114 904 longa
1134 839 1213 906 paee
1237 819 1348 908 expio.

201 940 285 993 ratos
320 923 502 1002 addiderat,
539 920 578 986 ad
607 932 747 986 montem
773 919 949 1008 Graupium
972 922 1136 1008 pervenit,
1162 945 1259 1011 quem
1281 925 1348 990 iam

201 1032 300 1098 hostis
333 1029 499 1096 insederat.
556 1028 638 1093 Nam
673 1025 838 1103 Britanni,
870 1024 952 1090 nihil
973 1026 1065 1091 fracti
1088 1049 1213 1116 pugnae
1235 1031 1351 1118 prioris

204 1148 346 1212 eventu,
383 1147 415 1200 et
450 1133 605 1198 ultionem
628 1144 683 1196 aut
706 1131 866 1196 servitium
891 1142 1128 1220 exspectantes,
1154 1133 1351 1222 tandemque

205 1241 292 1306 docti
325 1259 494 1305 commune
522 1237 699 1327 periculum
724 1234 892 1300 concordia
915 1235 1189 1325 propulsandum,
1214 1237 1350 1326 legatio·

205 1346 299 1412 nibus
323 1357 355 1411 et
376 1342 557 1410 foederibus
585 1341 726 1408 omniurn
751 1341 913 1406 civitatum
939 1341 1017 1407 rires
1041 1342 1229 1408 croirerant.
1263 1344 1350 1408 larn-

203 1473 267 1540 que
299 1472 393 1539 super
415 1449 544 1536 triginta
573 1446 672 1510 millia
695 1457 887 1510 armatorum
912 1445 1163 1535 aspiciebantur,
1188 1458 1220 1512 et
1242 1447 1350 1513 adhuc

205 1555 355 1622 affluebat
380 1553 481 1618 omnis
503 1552 649 1617 iuventus
673 1562 705 1616 et
728 1550 842 1639 quibus
866 1550 963 1616 cruda
988 1572 1024 1615 ac
1048 1550 1154 1616 viridis
1178 1565 1341 1628 senectus,

204 1660 282 1724 clari
309 1659 394 1724 bello
414 1670 446 1724 et
470 1679 524 1722 sna
549 1657 682 1744 quisque
706 1654 820 1720 decora
844 1667 1021 1743 gestantes,
1048 1677 1148 1743 quum
1172 1656 1256 1722 inter
1276 1659 1351 1747 plu-

201 1787 252 1830 res
275 1764 371 1830 duces
394 1765 510 1829 virtute
533 1773 565 1826 et
589 1782 705 1849 genere
729 1771 910 1848 praestans,
925 1761 1061 1826 ·nomine
1074 1757 1248 1850 Calgacus,
1263 1761 1351 1852 apud

203 1881 400 1936 contractam
422 1865 659 1933 multitudinem
683 1864 843 1954 proelium
866 1877 1047 1955 poscentem
1073 1866 1106 1931 in
1118 1866 1205 1931 huno
1217 1867 1352 1935 modum

202 1975 328 2041 locutos
346 1974 465 2041 femur:

202 2189 267 2232 tram
284 2197 330 2230 nan
345 2179 496 2230 muliebriter
511 2180 642 2242 expavisse
657 2192 751 2226 ensem.
797 2189 871 2240 saepo
899 2177 932 2226 ad
960 2177 1079 2228 virtutem
1103 2179 1273 2229 hortabantur.
1308 2181 1354 2231 Ita

203 2261 262 2310 Liv.
281 2260 373 2311 XXV.
391 2262 431 2309 87.
451 2258 751 2309 Ereitantibuscenturio·
796 2273 850 2321 cap.
876 2262 909 2306 34
940 2257 1062 2322 Agricola
1095 2261 1146 2310 anis
1171 2261 1199 2308 in
1222 2259 1348 2323 proelium

204 2341 274 2390 nibus
291 2339 473 2406 manipulares,
491 2349 514 2389 et
531 2341 586 2405 ipae
602 2340 718 2390 mulcente
727 2349 751 2388 et
796 2339 881 2387 ituris:
906 2354 968 2387 nune
993 2346 1078 2388 vestra
1103 2339 1193 2389 decora
1213 2349 1343 2390 resumere.

201 2424 346 2489 increpante
371 2421 485 2482 Marcio,
508 2421 569 2486 quid
584 2421 609 2470 in
624 2421 751 2471 muliebres
796 2419 914 2470 German.
941 2424 979 2468 ll.
997 2417 1055 2469 Res
1070 2420 1110 2470 uel
1122 2422 1251 2488 princepe,
1265 2431 1349 2486 prout

203 2511 229 2552 et
244 2503 344 2553 inutiles
360 2519 386 2552 ee
396 2503 559 2568 proiecissent
569 2502 650 2566 fletus
655 2502 749 2567 potius,
795 2509 866 2549 aetas
894 2499 994 2564 cuique,
1016 2510 1094 2566 prout
1118 2501 1192 2551 decus
1215 2501 1347 2563 bellorum,

203 2573 279 2648 quari
293 2584 328 2633 ad
344 2584 459 2634 tutandos
475 2593 549 2633 semet
564 2585 633 2649 ipsos
650 2592 674 2633 et
689 2599 749 2632 rem-
791 2590 869 2647 prout
880 2581 1010 2646 facundia
1027 2591 1076 2642 est,
1094 2583 1235 2633 audiantur.
1245 2584 1344 2634 Hister.

197 2665 324 2732 publicam
340 2681 419 2714 secum
435 2674 550 2714 acuerent
566 2667 670 2724 animos,
688 2673 749 2714 etne
795 2663 850 2710 111.
879 2667 916 2711 10.
942 2661 977 2712 Ut
994 2679 1110 2727 quemque
1125 2672 1203 2714 notum
1219 2674 1244 2714 et
1259 2665 1347 2730 aliquo

201 2746 293 2797 inultos
318 2747 479 2811 imperatores
503 2762 560 2796 suos
584 2747 667 2794 iacere
687 2746 749 2794 sine·
794 2743 899 2793 militari
924 2743 1011 2794 decore
1035 2745 1152 2810 insipnem
1175 2745 1347 2811 adspexerat,

202 2835 266 2878 rent.
283 2827 315 2877 ci.
325 2829 413 2877 Borm.
429 2830 460 2877 ad
469 2825 542 2877 Ovid.
551 2827 655 2876 Heroid.
666 2827 748 2875 V111.
794 2823 830 2872 ad
847 2823 982 2889 serendam
1008 2841 1077 2891 opem
1101 2827 1193 2877 nomine
1209 2828 1282 2878 ciana.
1299 2830 1347 2880 ubi

202 2915 243 2958 21.
261 2910 334 2959 Haec
350 2910 469 2958 annotari
484 2914 584 2972 propter
600 2909 749 2967 Ernestum,
795 2906 916 2956 Ernestur
945 2907 1119 2971 interpretatur
1143 2917 1169 2959 et
1186 2910 1294 2974 facium
1320 2918 1349 2960 et

202 2989 749 3056 quiuiroafortesinterpretabaturmilitarea.
792 2987 929 3050 proemium
945 2989 973 3036 ob
984 2989 1100 3053 focinus.
1118 2989 1172 3040 Sua
1186 2991 1290 3056 quisque
1304 2992 1348 3041 de-

235 3069 378 3121 Ambitiose.
403 3071 499 3121 Annal.
523 3073 561 3122 11.
581 3073 620 3122 77.
637 3068 752 3119 Periisse
796 3082 855 3116 cora
870 3070 997 3131 pectebat,
1014 3077 1042 3118 ut
1059 3069 1178 3120 German.
1198 3074 1220 3121 7.
1232 3071 1348 3134 smninoe

205 3150 375 3202 Germanicum
399 3151 461 3201 nulli
477 3153 613 3202 iactantius
628 3159 749 3210 moerent,
796 3149 862 3199 cibos
878 3157 902 3197 et
920 3149 1059 3198 hortamina
1063 3151 1231 3216 papnuntibus
1237 3161 1347 3215 pestont,

202 3247 275 3296 qoam
292 3233 336 3295 qui
351 3231 453 3280 maxime
466 3232 598 3282 laetantur.
616 3231 751 3294 Agricolae
796 3229 814 3278 ί.
831 3244 853 3280 a.
880 3229 1000 3291 afferunt,
1025 3233 1093 3295 qnod
1115 3232 1237 3282 usitatius.
1256 3233 1349 3284 Cicero

202 3313 298 3362 bellum
322 3319 375 3363 erat
390 3312 455 3362 inter
470 3311 592 3372 rernedia,
608 3317 637 3360 ut
654 3313 750 3360 Annal.
796 3325 841 3374 pro
859 3309 979 3370 Quinctio
994 3317 1035 3361 at.
1047 3310 1126 3367 Quom
1143 3313 1349 3363 existimationem

200 3394 253 3444 IV.
274 3399 312 3444 15.
329 3392 426 3458 nepotia
439 3409 488 3458 pro
503 3392 601 3442 solatiis
617 3393 750 3458 accipiens.
796 3389 894 3450 attulit,
912 3407 965 3440 eum
981 3381 1060 3442 secum
1076 3409 1107 3441 ee
1124 3392 1168 3442 ltoc
1185 3393 1236 3443 loco
1253 3395 1351 3459 efferre

241 3473 324 3525 Guda
340 3491 371 3524 oe
382 3475 472 3524 viridis
480 3483 598 3524 senectus.
615 3475 751 3524 Neminem
797 3471 953 3522 liceatcLiv.
971 3475 1022 3524 VI.
1041 3478 1063 3525 7.
1082 3473 1161 3530 Quum
1177 3474 1261 3524 eadem
1268 3476 1353 3526 omnia

199 3559 273 3607 latuit
288 3557 459 3620 Virgilianum
475 3556 669 3607 Aen.VI.304.
692 3555 751 3606 Gra-
797 3553 822 3601 in
839 3553 882 3602 hoc
903 3552 988 3603 bellom
1002 3555 1150 3619 afferemus,
1160 3556 1352 3621 quaeinprima

137 3659 142 3667 .
202 3636 237 3686 da
261 3635 305 3684 deo
329 3635 466 3699 viridisque
490 3647 608 3687 senectus.
634 3639 710 3687 Unde
727 3645 752 3688 et
796 3634 939 3694 attulimus,
971 3635 1069 3684 eandm
1094 3645 1201 3687 eventum
1225 3638 1282 3689 belli
1307 3655 1351 3688 ex·

202 3717 299 3767 Seneca
323 3715 411 3779 Oedip.
439 3719 494 3766 167.
519 3717 597 3766 durus
613 3719 679 3766 senio
695 3717 751 3767 Na·
796 3724 937 3781 spectemus.
964 3717 1054 3766 lustin.
1081 3717 1133 3767 XI.
1161 3724 1199 3768 13.
1239 3717 1297 3768 Gum
1322 3719 1352 3768 ire

157 3791 160 3798 ’
201 3798 256 3849 vita
272 3795 356 3846 crudo.
797 3795 872 3846 aciem
905 3813 985 3846 aecum
1015 3807 1065 3848 tam
1091 3798 1185 3848 tristem
1208 3799 1351 3850 memoriam

236 3877 291 3929 Sua
308 3877 411 3942 quisque
428 3876 518 3926 decora
533 3886 665 3942 pertentes.
674 3880 751 3928 Erne·
797 3877 907 3926 caedium
931 3894 1031 3927 aaaron
1055 3887 1079 3928 et
1105 3888 1198 3929 tanturn
1218 3881 1351 3946 sanquinis

201 3969 254 4011 atus
270 3961 388 4023 intelligit
402 3960 517 4024 praemia
530 3960 563 4008 ob
575 3959 693 4008 virtutem
702 3961 751 4009 bel-
796 3957 888 4006 duobus
901 3959 1008 4023 proeliis
1018 3961 1081 4025 susi
1091 3963 1202 4025 strrenr.

200 4044 276 4094 licam
293 4047 405 4104 accepta:
423 4041 480 4100 alii,
497 4039 623 4088 manubias
639 4041 751 4090 hostibus
831 4039 932 4096 Quoties
950 4057 1052 4092 caussas
1068 4042 1125 4092 belli
1141 4051 1165 4092 et
1179 4043 1352 4092 necessitatem

200 4123 337 4175 interfectis
353 4124 487 4172 dementes:
506 4136 553 4185 ego
566 4121 751 4185 potins,sortio
796 4128 903 4170 nostrum
928 4122 1031 4172 intueor.
1057 4124 1143 4174 Hodie
1168 4125 1277 4188 protecto
1293 4138 1350 4172 non

195 4209 290 4270 saeta,
307 4220 414 4270 quonam
429 4204 608 4254 conscientiam
625 4201 750 4252 etfamarn
796 4210 849 4252 erat
865 4210 963 4266 tempus
981 4219 1053 4268 saepe
1069 4212 1095 4255 et
1110 4206 1218 4254 multum
1232 4205 1352 4254 intuendi

201 4288 312 4351 plerique
328 4288 459 4350 gestabant
474 4285 749 4345 inaciem,afferebant.
796 4299 824 4333 ac
857 4285 990 4346 cogitandi.
1027 4284 1128 4341 Quoties
1152 4287 1229 4349 vulgo
1255 4286 1353 4335 indicat

202 4367 275 4416 Talia
291 4371 379 4416 decora
395 4368 511 4416 omnibus
529 4374 600 4417 crant
616 4373 689 4426 nota,
706 4368 749 4416 du·
795 4366 942 4416 memoriam
965 4375 989 4416 et
1005 4368 1185 4430 cogitationem
1200 4373 1355 4417 renovatam

202 4448 270 4497 cibor
296 4451 452 4512 praesertim,
477 4449 521 4511 qni
545 4461 589 4510 per
614 4463 643 4499 oo
659 4447 750 4500 milites
796 4448 832 4498 rei
849 4449 1001 4512 aliquandiu
1017 4451 1170 4512 praeteritae.
1189 4449 1259 4500 Hist.
1273 4450 1355 4498 137.
