3134 5310
236 513 275 574 li
665 529 819 577 coenatu
845 529 953 576 raam

230 697 413 764 felicitatem
438 710 616 786 temporum
641 699 744 764 Nerva
769 699 930 774 Traianus,
956 722 1015 766 nec
1038 721 1125 787 spem
1149 699 1243 766 modo
1268 725 1305 768 ac
1320 725 1377 770 vo-

234 875 335 926 Tenebit
356 893 413 942 erqo
436 894 530 944 semper
548 877 695 944 (Traianus)
714 879 779 942 quod
824 885 915 943 netque
932 879 1031 943 imperii
1043 877 1208 942 facilitatem.
1228 881 1279 931 Sed
1292 883 1374 947 insa-

230 957 352 1017 suaserit,
370 957 478 1022 sciatque
495 975 551 1019 nos,
570 959 664 1024 quoties
679 959 777 1010 liberta·
824 958 920 1008 cilitate
945 959 1093 1021 intelligitur
1109 971 1226 1023 prospera
1242 963 1371 1024 conditio,

231 1046 289 1097 tem,
307 1055 379 1103 quam
395 1039 472 1100 dedit,
490 1041 659 1106 experiamur,
677 1041 777 1106 sibipa·
822 1054 887 1102 quae
908 1039 967 1088 iacit
983 1045 1011 1087 ut
1027 1039 1141 1088 homines
1158 1042 1212 1090 sine
1229 1044 1375 1094 difficultate

229 1134 298 1179 rere,
324 1136 367 1169 nec
390 1120 519 1170 emendum
544 1130 593 1181 eat,
620 1137 650 1170 ne
666 1123 778 1171 incautos
823 1121 961 1183 prospicere
977 1121 1073 1183 possint
1090 1121 1375 1189 omnibusrebus‚quas

226 1207 312 1264 putet,
334 1201 358 1250 si
369 1201 502 1265 felicitate
519 1210 651 1268 temporum
668 1211 777 1252 constan·
822 1201 968 1264 praesertim
992 1202 1024 1249 ad
1048 1201 1144 1250 cultum
1167 1209 1191 1252 et
1208 1205 1303 1254 victum
1319 1220 1374 1269 per·

228 1289 268 1329 ter
292 1289 403 1341 utamur,
429 1299 490 1346 quoe
515 1284 622 1333 meminit
646 1286 689 1334 sub
713 1284 777 1334 malo
823 1282 917 1340 tinent,
947 1288 976 1330 ut
1006 1282 1053 1330 sibi
1077 1283 1181 1346 quisque
1205 1286 1283 1348 possit
1308 1283 1375 1354 ῥᾷον

224 1363 343 1427 principe
359 1363 435 1412 aliter
450 1365 550 1414 uicisse.
570 1366 657 1428 Vulgo
674 1367 776 1429 quidam
825 1360 943 1425 διάγειν,
962 1359 1032 1426 ῥᾴων
1049 1352 1129 1412 εἶναι.
1145 1365 1212 1414 conf.
1233 1366 1321 1416 Burm.
1341 1371 1373 1418 sd

228 1444 319 1506 legitur
321 1443 451 1506 fidelitate
461 1447 601 1510 temporum.
621 1447 776 1497 Mihiemen-
824 1444 912 1493 Valer.
930 1444 1016 1492 Flacc.
1035 1444 1085 1493 VI.
1104 1450 1161 1495 323.
1179 1444 1278 1497 Facilis
1294 1452 1373 1514 atfa-

228 1525 296 1573 datio
320 1526 455 1575 Arntzenii
476 1533 529 1575 tam
546 1541 606 1576 vcra
621 1529 732 1588 videtur,
749 1536 777 1577 ut
823 1525 908 1574 cilitas
932 1526 1019 1574 tritum
1036 1531 1073 1574 est
1089 1527 1116 1575 in
1132 1540 1159 1575 re
1175 1529 1326 1590 pecuniaria.
1340 1531 1372 1579 In

228 1605 263 1654 sic
289 1606 396 1655 scribere
418 1621 469 1655 non
491 1609 664 1659 dubitaverim.
699 1610 778 1659 Nulla
823 1605 970 1670 difficultate
1000 1613 1141 1670 temporum
1164 1608 1310 1674 plerumque
1335 1620 1374 1662 est

228 1692 283 1735 arat
298 1701 398 1746 caussa,
415 1703 459 1736 cur
475 1690 558 1738 virum
574 1691 714 1739 modestum
729 1690 777 1739 hoc
822 1687 921 1750 publica
945 1695 970 1736 et
993 1688 1091 1751 privata
1115 1689 1207 1752 inopia.
1234 1691 1276 1739 Ita
1297 1705 1372 1741 usum

227 1769 344 1818 nonnihil
369 1770 396 1818 in
422 1784 452 1818 aa
468 1772 609 1821 coniectura
625 1779 775 1830 moraretur,
822 1769 918 1830 reperio
944 1769 1031 1820 Valet.
1058 1771 1166 1820 Maxim.
1203 1773 1237 1821 V.
1261 1777 1284 1822 6.
1314 1771 1373 1822 Viri

226 1851 294 1913 quod
318 1851 368 1900 nisi
388 1852 415 1900 in
432 1854 542 1901 nummis
559 1853 719 1916 sequentium
735 1855 775 1902 da·
823 1857 898 1913 atque
919 1851 1033 1913 farinae
1059 1849 1182 1914 quidquid
1205 1853 1264 1901 auri
1285 1867 1373 1918 arpen·

227 1946 298 1982 mum
318 1933 508 1996 imperatorum,
526 1935 713 1998 inscriptionem
729 1933 777 1983 Fe·
824 1931 873 1978 tine
889 1931 1038 1990 latuerunt,
1056 1932 1113 1980 item
1127 1934 1204 1997 pueri
1219 1933 1373 1998 insipaiaia·

228 2012 321 2062 licitati
360 2021 491 2078 temporum
529 2031 657 2066 occurrere
691 2017 777 2065 memi-
821 2012 970 2076 prauitatis,
996 2011 1032 2062 aul
1055 2014 1239 2064 sustentandam
1256 2017 1373 2080 temporis

228 2094 313 2142 naret.
348 2093 388 2143 Sit
409 2094 452 2144 ita.
469 2095 593 2146 Felicitas
618 2099 645 2147 in
667 2098 776 2146 nummis
824 2092 993 2158 difficultatem
1019 2095 1179 2144 contulerunt.
1216 2097 1260 2145 An
1285 2105 1373 2148 canna

229 2181 253 2224 et
273 2174 394 2238 felicitas
418 2190 494 2238 quam
520 2179 634 2237 Tacitus,
662 2179 776 2237 Plinius,
824 2175 919 2223 dicetur
937 2176 1069 2239 temporie,
1087 2184 1218 2240 tenaporum
1229 2178 1387 2248 facilitas,¹

229 2254 288 2314 alii,
306 2255 497 2318 experiebantur
514 2263 538 2307 et
554 2259 706 2319 laudabant,
725 2275 776 2308 non
823 2257 919 2319 ignoro.
955 2258 1052 2306 Romae
1075 2271 1205 2321 nunquam
1230 2260 1278 2308 brit
1302 2267 1374 2309 tanta

229 2349 327 2399 semper
351 2342 409 2385 sunt
426 2339 542 2388 eaedem:
560 2353 606 2399 ea,
624 2342 655 2388 de
670 2355 721 2403 qua
736 2341 777 2389 hic
822 2339 894 2401 copia
917 2339 954 2386 rei
976 2341 1148 2397 nummariae,
1165 2345 1276 2402 quauta,
1292 2354 1374 2402 quum

230 2418 327 2480 agitur,
344 2417 420 2466 etiam
433 2418 777 2485 sipluracontineret,quam
824 2421 870 2468 sub
896 2419 1013 2482 Angusto
1037 2419 1093 2468 urbi
1118 2420 1217 2468 inrecta
1233 2425 1297 2470 esset
1310 2435 1375 2483 gera

230 2503 353 2552 sentiendi
378 2503 526 2568 dicendique
542 2502 698 2561 libertatem,
715 2516 777 2552 sem·
823 2501 893 2563 regia
919 2500 1103 2550 Alexandrina.
1129 2501 1213 2550 Nemo
1240 2509 1374 2565 temporum

230 2597 274 2646 par
290 2589 327 2631 est
343 2583 481 2646 antiquior,
498 2597 574 2654 quam
590 2597 654 2646 quac
671 2584 697 2632 in
706 2598 776 2632 num·
818 2581 976 2646 facilitatem
991 2583 1118 2641 laudavit,
1136 2596 1223 2631 omnes
1240 2583 1377 2632 laudammt

230 2664 279 2712 mis
303 2663 491 2726 exprimeretur.
519 2665 684 2714 Memorabile
700 2665 777 2716 famur
823 2663 998 2712 liberalitatem
1015 2661 1126 2725 Augusti
1142 2663 1169 2712 in
1185 2661 1375 2727 difficultatibus

232 2745 340 2795 edictum
364 2744 397 2793 D.
424 2745 524 2795 Nervae
548 2747 575 2794 in
601 2747 680 2795 Plinii
697 2747 777 2810 Epist.
823 2759 941 2804 annonae.
959 2745 993 2793 Et
1014 2743 1375 2808 saepeintyrannideesttalis

233 2826 269 2875 X.
292 2830 332 2875 66.
352 2822 632 2886 auctoramenta,
652 2824 777 2888 Quirites,
819 2824 956 2888 facilitas,
976 2825 1097 2890 felicitae
1121 2825 1213 2874 civium
1234 2841 1373 2889 nunquam.

232 2909 290 2973 ipsa
314 2906 434 2972 felicitas
465 2917 597 2973 temporum
622 2909 710 2969 edicit,
736 2925 778 2958 nec
826 2906 928 2956 Tacitus
952 2908 978 2955 in
1003 2907 1143 2971 principatu
1166 2906 1277 2969 Augusti
1287 2907 1375 2971 facile

232 2988 382 3054 spectandus
406 2997 442 3038 est
467 2990 492 3039 in
514 2989 547 3038 iis
564 2990 632 3039 bonis
644 2991 777 3056 princeps,
824 2987 908 3036 vivers
938 2993 1050 3050 poterat,
1070 2987 1203 3052 felicitas,
1229 3003 1305 3051 quam
1330 2989 1373 3038 ille

233 3072 321 3134 quibus
344 3069 412 3120 illum
438 3071 544 3135 intellipi
568 3071 632 3120 satis
655 3079 708 3131 est,
726 3087 778 3120 cam
824 3069 996 3132 intelligebat,
1013 3084 1065 3118 non
1082 3070 1203 3119 exstabat.

233 3153 278 3202 boc
298 3153 346 3201 sibi
362 3153 465 3215 quisque
482 3153 569 3202 civium
586 3168 691 3201 meorum
708 3167 778 3216 spon·
858 3149 916 3199 Nee
929 3164 996 3214 spem
1012 3147 1081 3198 modo
1097 3165 1128 3198 ac
1144 3158 1224 3198 uotum
1242 3147 1373 3201 Securitas

232 3231 291 3280 dere
312 3232 408 3296 poerit,
434 3248 470 3280 me
495 3231 651 3281 securitatem
676 3234 779 3281 omnium
822 3231 924 3295 publica
947 3237 994 3279 eet.
1021 3230 1115 3279 Omnia
1138 3231 1250 3280 abuma.
1277 3232 1373 3282 Audia-

232 3312 311 3376 quieti
328 3327 394 3361 meae
407 3311 575 3377 praetulisse,
592 3319 621 3360 ut
636 3321 660 3360 et
677 3312 778 3362 libenter·
824 3325 881 3360 mus
914 3311 1056 3360 Kritaium:
1091 3311 1171 3360 »Non
1201 3320 1287 3362 carent
1310 3313 1374 3364 haee

231 3409 294 3442 noea
314 3393 434 3456 beneficia
459 3395 611 3458 conferrem,
629 3402 654 3442 et
669 3403 727 3443 unte
742 3411 778 3444 me
824 3395 900 3442 verba
923 3393 1015 3442 duritie
1039 3392 1129 3455 aliqua.
1165 3394 1281 3442 Primum
1303 3396 1373 3445 enim

231 3475 777 3540 concessoservarcm.Memorabileirrquam,
824 3474 968 3524 assumserit
996 3488 1041 3537 par
1074 3489 1180 3537 zeugma
1209 3476 1315 3524 referta
1340 3479 1373 3526 ad

232 3557 352 3616 edictum,
377 3559 460 3620 quod,
476 3559 497 3606 ai
512 3571 600 3607 revera
616 3558 648 3606 sit
664 3558 777 3616 Nervae,
824 3571 891 3621 spem
922 3570 951 3605 ac
975 3565 1071 3615 uotum,
1097 3570 1161 3619 quae
1187 3557 1373 3622 concipiuntur,

232 3639 321 3687 Tacito
345 3638 372 3686 in
397 3646 482 3688 menta
506 3639 583 3688 fuisse
606 3640 699 3702 potuit,
716 3654 778 3688 mox
823 3653 875 3687 non
900 3645 1066 3686 assumuntur.
1092 3637 1175 3695 Tum,
1193 3651 1258 3700 quae
1275 3651 1331 3700 spes
1348 3645 1373 3687 et

230 3719 386 3768 securitatem
402 3719 527 3782 publicam
542 3733 640 3783 quoque
656 3722 776 3770 laudanti.
822 3727 882 3768 rota
893 3728 949 3782 ipro
964 3718 1099 3767 securitate
1111 3717 1214 3782 publica
1230 3718 1372 3780 mucipiun·

232 3799 348 3852 Ceterum
376 3799 488 3864 facilius
518 3803 543 3848 et
562 3799 684 3864 felicius,
705 3802 776 3864 faci·
823 3806 876 3858 tar,
902 3813 933 3848 aa
956 3801 1040 3864 paullo
1065 3801 1195 3850 audaciore
1216 3799 1372 3863 persenilics·

230 3883 290 3932 litae
307 3887 331 3931 et
343 3879 463 3946 felicitas
479 3881 506 3930 in
524 3880 605 3931 MSS.
622 3883 776 3944 centiaspar·
822 3880 890 3930 tione
908 3878 1038 3930 Securitas
1054 3883 1108 3945 ipsa
1124 3882 1254 3945 concipere
1270 3882 1312 3932 vel
1328 3881 1372 3931 ha·

230 3969 365 4014 mutantur.
383 3961 415 4011 cl.
432 3963 473 4012 vel
489 3963 585 4013 Duker.
604 3965 635 4013 ad
652 3963 722 4012 Flori
737 3964 775 4012 11.
823 3963 880 4012 bere
895 3963 1001 4021 dieitur,
1019 3976 1052 4012 ex
1067 3962 1186 4026 peculiari
1203 3962 1285 4012 Taciti
1293 3977 1372 4022 more,

230 4051 254 4096 6.
281 4045 350 4094 Nota
374 4049 432 4092 sunt
448 4043 492 4092 illa
508 4045 535 4094 in
551 4045 675 4109 responsis
692 4059 776 4093 oracu-
822 4046 865 4108 qui
881 4044 949 4094 haud
965 4059 1023 4093 raro
1039 4057 1095 4094 eam
1111 4043 1249 4093 mutantiae
1265 4050 1371 4106 partem,

229 4128 312 4178 lorum
336 4141 377 4175 res
392 4131 491 4174 cestrae
508 4134 579 4174 eruat
590 4125 729 4190 faciliores
746 4141 776 4174 oc
822 4140 886 4190 quae
910 4126 936 4175 in
959 4126 1094 4188 praedicati
1110 4126 1228 4175 attributo
1245 4131 1298 4184 ast,
1316 4127 1372 4176 sub-

229 4209 356 4268 meliores,
374 4205 473 4272 ῥᾴονα,
491 4207 522 4257 de
538 4223 588 4271 qua
599 4206 776 4257 iormulaGra·
822 4208 913 4256 iactum
930 4208 1053 4257 enuuuati
1069 4206 1224 4256 iacit.''Non
1237 4207 1372 4256 medatem

230 4305 288 4339 nov.
298 4292 330 4338 ad
339 4290 407 4339 Livii
417 4289 528 4339 XXIII.
540 4290 631 4338 ll.ubi
639 4290 776 4338 locumTa
823 4290 885 4338 dura
900 4303 916 4338 a
934 4289 1022 4339 Tacito
1038 4290 1148 4352 pamisse
1164 4289 1288 4353 componi.
1309 4287 1371 4338 Sen-

230 4371 285 4429 citi‚
303 4373 404 4434 ignarus
421 4371 555 4435 scripturae
573 4371 727 4431 Vaticanae,
745 4371 778 4420 ul
823 4371 918 4430 tenua,
941 4371 1012 4435 quus
1037 4371 1137 4420 initium
1162 4379 1186 4419 et
1208 4385 1371 4434 utrumquem,

231 4453 336 4504 eandem
359 4453 482 4502 rationem
508 4453 694 4514 interpretatur,
720 4454 776 4502 reti·
823 4451 921 4515 longius
946 4451 1102 4512 armabitur,
1120 4460 1177 4503 ante
1194 4467 1270 4517 quam
1287 4452 1371 4504 venia
