3134 5310
642 547 819 598 renrcotr.
1155 520 1239 576 V
1272 531 1315 594 65

168 741 235 806 qua
272 719 318 784 rei
353 739 480 793 caussa,
506 715 624 782 multus
649 719 764 782 humor
787 730 939 781 terrarum
965 715 1120 804 coelique.
1146 717 1220 782 Fert
1244 714 1313 780 Bri·

163 825 276 888 tannia
291 845 403 887 aurum
427 834 459 886 et
483 834 649 910 argentum
673 834 704 887 et
728 821 789 886 alia
815 819 964 898 metalla,
987 822 1124 908 pretium
1149 820 1310 888 victoriae.

165 929 277 1017 Gignit
312 940 343 993 et
376 925 521 992 Oceanus
545 927 733 1014 margarita,
758 926 811 992 sed
841 926 985 990 subfusca
1010 949 1047 992 ac
1070 926 1208 991 liventia.
1236 925 1314 1011 Qui·

165 1033 364 1098 dementem
391 1031 498 1096 abesse
521 1030 700 1119 legentibus
724 1031 936 1107 arbitrantur;
964 1053 1037 1095 nam
1061 1032 1094 1095 in
1119 1029 1215 1096 rubro
1232 1030 1313 1096 mari

165 1140 239 1204 riva
272 1159 307 1204 ac
342 1137 493 1225 spirantia
526 1137 605 1200 saris
641 1136 753 1212 avelli,
791 1136 824 1200 in
858 1137 1042 1214 Britannia,
1068 1149 1162 1224 prout
1184 1135 1314 1225 expulsa

166 1245 246 1320 sint,
271 1242 388 1330 colligi.
415 1243 482 1330 Ego
504 1241 628 1306 facilius
646 1237 832 1305 crediderim
854 1252 999 1305 naturam
1017 1241 1193 1329 margaritis
1204 1240 1313 1306 deesse

166 1370 264 1436 quarn
288 1346 380 1412 nobis
405 1347 581 1412 avaritiam.

213 1451 303 1518 XIII.
341 1451 405 1539 Ipsi
437 1451 582 1516 Britanni
605 1450 765 1516 delectum
790 1473 827 1516 ac
850 1451 969 1518 tributa
990 1463 1022 1518 et
1044 1452 1186 1516 iniuncta
1211 1451 1312 1538 impe·

163 1558 204 1621 rii
235 1578 369 1622 munera
393 1557 526 1644 impigre
550 1557 688 1632 obeunt,
714 1557 739 1621 si
762 1556 896 1621 iniuriae
920 1556 1044 1635 absint;
1071 1555 1127 1620 has
1150 1577 1242 1644 aegre
1265 1566 1311 1619 to·

163 1662 287 1741 lerant,
323 1662 387 1725 iam
422 1659 533 1728 dorniti
556 1674 591 1726 ut
615 1672 765 1750 pareant,
792 1659 931 1725 nondum
957 1673 992 1726 ut
1015 1661 1162 1727 serviant.
1211 1660 1312 1748 Igitur

163 1901 219 1938 esse
227 1889 353 1938 convenit.
373 1889 490 1938 Mallem:
501 1889 549 1938 cito
555 1890 716 1954 proveniant,
757 1885 870 1951 facilius
887 1888 1030 1950 explicaret.
1050 1887 1137 1939 Oratio
1153 1889 1309 1953 optimepro·

161 1967 238 2017 tarde
262 1969 400 2017 mitescunt.
435 1970 509 2018 Idem
529 1970 590 2019 crdo
607 1967 717 2034 sequitur
762 1969 839 2016 cadit:
863 1966 962 2030 quidum
983 1976 1061 2016 artem
1077 1969 1162 2016 abesse
1179 1967 1311 2032 leyentibas

161 2047 249 2096 tumor
265 2057 390 2096 terrarum
407 2049 523 2112 coelique.
558 2051 596 2099 Ut
613 2051 717 2113 ego,sic
762 2047 925 2097 arbitrantur.
951 2073 985 2086 »-
1006 2045 1062 2110 Epo
1074 2048 1186 2112 facilius
1203 2048 1311 2097 credide-

159 2129 324 2178 scribandam
340 2131 443 2193 putabat
459 2132 553 2180 arnicas
570 2131 603 2179 D.
622 2133 716 2194 Burge·
762 2129 808 2176 rim
833 2136 947 2176 naturam
971 2129 1117 2192 marparitis
1142 2127 1233 2178 deesse.
1258 2129 1311 2179 Soi-

159 2221 214 2257 rus.
246 2209 299 2258 Lit.
332 2210 440 2270 Doctor,
467 2211 558 2260 Rector
584 2210 716 2276 Gymnasii
760 2209 819 2258 licet
836 2223 908 2272 quam
924 2208 992 2256 nobis
1007 2217 1086 2257 artem
1101 2210 1193 2260 abesse.

161 2289 368 2338 Amisirutanms.
795 2285 912 2338 Inieneta
929 2288 1027 2354 imperii
1042 2305 1150 2339 munera.
1181 2291 1311 2342 Utitatum

198 2367 344 2432 Eademque
360 2366 489 2434 utriusque
497 2372 536 2420 rei
544 2372 714 2431 caussa,mul·
761 2372 787 2418 iu
804 2373 877 2421 rebus
894 2372 1037 2420 huiusmodi
1052 2371 1309 2436 verbumim'anqere:

161 2457 205 2497 tus
222 2449 314 2498 temer.
333 2449 388 2498 Alii
396 2451 601 2515 interpretantur:
611 2453 715 2502 humore
761 2453 827 2503 conf.
846 2451 960 2502 Oudend.
979 2453 1011 2501 ad
1028 2451 1127 2500 Caesar.
1147 2452 1179 2500 B.
1194 2451 1225 2502 G.
1236 2453 1311 2501 VIII

161 2530 230 2580 eceli
246 2532 316 2580 tarde
331 2531 477 2591 mitescunt;
495 2533 549 2582 alii:
567 2540 672 2597 unoque
687 2535 716 2582 iit
762 2539 802 2582 49.
829 2539 853 2582 et
871 2531 981 2581 Gronov.
1000 2533 1032 2580 ad
1048 2532 1106 2580 Lis.
1124 2531 1266 2583 XXXIII.
1284 2539 1308 2582 3.

160 2617 306 2674 utrumque.
350 2611 406 2674 Ego
432 2614 546 2675 glossam»
568 2627 621 2662 esse
646 2621 713 2676 puto.
761 2615 808 2663 hoc
824 2627 922 2678 quoque
938 2613 1020 2662 Taciti
1028 2614 1219 2676 exemplousus.
1237 2615 1310 2665 Idem

163 2691 268 2742 Tacitus
277 2691 397 2742 breviter:
413 2691 467 2742 Cito
472 2695 633 2758 proveniunt,
644 2694 715 2744 tarde
760 2697 916 2744 reddendum
929 2700 999 2758 putat
1016 2695 1091 2744 Livio
1101 2695 1161 2744 XL.
1171 2701 1211 2745 51.
1227 2695 1311 2762 Opera

161 2772 300 2821 rrrr'tescant.
341 2771 450 2832 Caussa,
469 2775 558 2824 multus
575 2775 714 2824 iurnorter-
761 2792 791 2823 err
812 2775 920 2840 pecunia
944 2776 1067 2824 attributa
1091 2776 1220 2840 divisaque
1245 2778 1310 2826 ieter

160 2867 248 2902 raram
274 2852 391 2916 coelique.
428 2855 530 2904 Tacitus
552 2856 640 2904 saltam
657 2856 714 2903 scri·
760 2871 786 2904 se
804 2855 940 2921 (censores)
959 2857 1018 2905 iaec
1035 2859 1202 2920 confecerunt.
1234 2857 1309 2923 Lepi-

160 2935 263 2998 psisset:
291 2933 375 2982 eaden
399 2936 528 2998 utriusque
552 2936 591 2984 rei
607 2951 713 2994 caussa,
760 2935 805 2984 dus
829 2936 912 2985 molem
934 2937 969 2984 od
989 2935 1168 2993 Tarracinam
1186 2939 1310 3002 inprutum

160 3017 203 3065 vel
220 3014 306 3064 eadem
322 3030 420 3064 caussa.
444 3016 495 3065 Sed
512 3017 713 3065 caussaomuino
759 3033 834 3080 epus,
861 3016 927 3079 quod
947 3017 1058 3080 praedic
1074 3016 1177 3065 habebat
1193 3019 1240 3076 ibi,
1255 3019 1309 3082 pri·

160 3096 266 3144 sufficit:
292 3109 389 3155 mussa,
415 3109 459 3144 cur
483 3097 532 3145 cito
548 3099 711 3161 proveniant,
759 3105 888 3159 vatumque
915 3095 1031 3160 publicae
1056 3096 1095 3144 rei
1119 3097 1251 3162 impensam
1273 3099 1308 3148 in·

161 3177 237 3225 tarda
252 3177 395 3236 mitescant,
413 3183 450 3226 est
466 3179 559 3226 multus
567 3178 657 3226 humor
665 3183 712 3225 ter·
759 3184 852 3226 suerat.
892 3177 969 3240 Legit
994 3175 1141 3227 iniunxerat.
1177 3180 1232 3228 Alii
1250 3181 1307 3230 alla.

160 3271 251 3306 rarum
267 3256 384 3319 coelique.
421 3257 489 3318 Quid
506 3259 626 3308 attinebat
635 3258 712 3319 expli·
760 3259 826 3307 Mihi
843 3257 870 3308 in
887 3267 998 3308 mentem
1011 3265 1126 3307 venerat:
1133 3261 1308 3326 priuatamque

161 3351 231 3397 care,
249 3337 318 3401 quod
334 3338 415 3401 quivis
429 3339 546 3387 rideret?
756 3339 872 3403 publicae
897 3340 1029 3404 Impensem
1050 3339 1222 3390 immiscuerat.
1241 3342 1308 3402 Quia
1375 3360 1389 3378 ·

195 3416 354 3481 Maryeritis
376 3417 459 3465 deesse
483 3433 554 3480 qaam
571 3418 638 3466 nobis
656 3433 713 3465 ara·
759 3422 785 3468 in
812 3436 871 3483 agro
894 3421 942 3469 isto
958 3421 1065 3469 habebat
1080 3421 1193 3481 prasdIa,
1210 3426 1307 3482 partem

160 3498 254 3547 ritiam.
289 3497 348 3547 Duo
368 3500 573 3561 praestantissimi
596 3501 713 3562 interprs·
758 3502 884 3564 impensae
909 3501 1015 3549 tolerare
1039 3499 1137 3557 debuit,
1159 3514 1188 3546 ae
1204 3497 1308 3550 fortasse

161 3587 211 3637 tes,
238 3579 314 3629 alter:
342 3579 479 3629 rAvsritia
494 3587 579 3629 nostra
594 3595 646 3628 non
663 3593 712 3627 ces·
758 3581 881 3629 toleravit.
918 3580 969 3629 Sed
998 3594 1050 3628 non
1076 3579 1203 3639 distInxit‚
1229 3596 1308 3645 quan·

162 3665 246 3709 satura
271 3659 371 3718 luisset,
396 3659 529 3724 quominus
555 3661 660 3709 eandem
676 3674 713 3708 ra·
759 3668 813 3710 tum
837 3662 954 3724 privatim
971 3665 1103 3723 erogasset.
1138 3659 1226 3710 Uriam
1242 3678 1307 3713 snm-

161 3741 258 3792 tiouem
283 3741 424 3800 adhiberet,
449 3756 500 3804 qua
515 3741 542 3789 in
558 3741 633 3789 rubro
650 3741 713 3788 mari
759 3757 826 3791 mam
834 3743 953 3806 pecuniae
961 3742 1308 3807 posuit,privatampublicae
1340 3741 1344 3748 '

161 3821 293 3872 utuntur.''
311 3822 399 3872 Alter:
412 3821 713 3872 ‘tardantemeahabandi
758 3823 900 3873 immiscuit.
945 3823 986 3871 Ita
1018 3837 1077 3873 suaa
1100 3825 1202 3874 utilitati
1227 3827 1307 3888 magis

161 3903 336 3967 cupiditatem,
352 3909 393 3962 ut,
411 3904 432 3952 si
449 3904 515 3953 bona
532 3910 625 3963 essent,
643 3903 714 3952 nulla
758 3906 911 3956 consuluisse
935 3905 1077 3962 videbatur,
1101 3918 1177 3967 quam
1201 3905 1307 3966 dignum

161 3983 293 4032 difficultas
315 3985 436 4043 obstaret,
454 3984 587 4047 quominus
604 3984 648 4033 illa
664 3985 713 4033 ccl-
758 3993 811 4036 erat
826 3999 936 4036 censore.

161 4063 323 4127 ligeremus.''
350 4065 423 4114 Idem
441 4064 524 4114 deesse
540 4079 584 4128 per
602 4066 713 4129 Zeugma
794 4063 849 4114 lum
874 4064 959 4114 domiti
981 4073 1008 4114 ut
1022 4072 1143 4130 pereant,
1161 4063 1263 4112 nondam
1279 4073 1307 4114 ut

160 4147 247 4195 reierri
265 4146 358 4194 iudicat
375 4147 405 4194 ad
423 4146 570 4205 auaritiam,
588 4146 623 4195 ito
639 4152 667 4196 ut
681 4148 713 4195 ad
758 4147 874 4195 serviant.
909 4145 980 4194 Utile
1004 4150 1163 4208 praeceptum
1185 4159 1306 4195 successo·

161 4227 226 4275 hano
242 4241 332 4276 vocem
348 4228 470 4289 cogitetur
487 4228 579 4275 abesse.
598 4227 664 4276 Mihi
671 4239 712 4276 va·
758 4227 826 4274 ribus
844 4226 988 4288 Agricolae,
1005 4231 1033 4272 ut
1050 4224 1146 4272 iniuriis
1155 4225 1308 4277 abstinerent

161 4309 348 4359 rosimillimnm
363 4311 474 4368 videtur,
490 4307 659 4357 Glossatorem
671 4323 712 4370 po·
760 4311 784 4354 et
814 4311 905 4353 statum
930 4311 1085 4367 praesentem
1109 4309 1250 4365 tuerentur,
1278 4324 1306 4358 ac

161 4395 254 4440 strema
277 4391 322 4440 illa
347 4407 419 4454 qaam
444 4390 512 4438 nobis
536 4388 670 4436 auaritiam
687 4389 712 4436 in
758 4387 940 4435 confirmarant.
975 4385 1016 4432 Ita
1040 4385 1133 4448 optime
1157 4380 1325 4450 reipublicae'

160 4473 274 4536 margine
292 4472 464 4536 adscripsisse,
481 4478 509 4520 ut
518 4470 713 4534 comparativum
732 4507 738 4553 1
759 4481 865 4532 suaeque
881 4466 949 4515 laudi
966 4465 1131 4514 consulerent.
1166 4469 1251 4534 Atque
1259 4471 1307 4520 hoc

1194 4557 1208 4598 9
