3130 5308
231 471 274 532 80

648 475 802 546 costean
826 477 937 524 Tsclt'l

231 676 268 718 ao
302 650 429 716 latebris
453 649 547 713 vitata
568 646 722 711 exercitus
745 648 791 712 ira
814 646 981 714 indecorus
1005 657 1101 733 atque
1125 645 1278 726 humilis,
1304 675 1383 739 pre-

231 845 283 888 erat
307 835 444 886 exercitum
465 833 491 881 in
508 832 651 896 disciplina,
668 833 776 881 insulam

231 919 257 968 in
267 917 384 979 obsequio
393 920 485 964 tenere.
505 913 633 976 Quidquid
642 913 776 971 accideret,

230 999 349 1062 quisquis,
359 995 452 1054 Galba,
463 993 545 1054 Otho,
555 993 674 1042 Vitellius
684 1009 716 1042 an
726 994 776 1042 Ve-

230 1077 358 1142 spasianus
366 1077 484 1135 vinceret,
492 1074 776 1136 hecnihiladlegatum.

231 1159 283 1208 Hic
308 1158 467 1207 Britanniam
491 1169 589 1205 servare
611 1155 716 1204 debebat
733 1155 777 1202 im·

230 1240 299 1304 perio
324 1239 452 1297 Romano,
475 1244 500 1286 et
516 1250 616 1294 cavere,
632 1249 665 1283 ne
681 1249 726 1298 per
742 1249 777 1284 se·

230 1322 337 1386 gnitiem
361 1327 386 1370 ot
410 1319 513 1369 omissae
537 1316 707 1380 expeditiones
724 1331 778 1364 nas-

231 1409 328 1452 ceretur
351 1401 489 1465 periculum
514 1399 652 1448 amittendi.
691 1398 778 1445 Novus

231 1485 345 1548 princeps
368 1482 496 1530 Romanus
513 1479 700 1528 exeusationem
715 1493 779 1526 nun-

232 1579 308 1630 quarn
325 1578 358 1612 ex
374 1563 459 1611 animo
475 1567 587 1609 vocasset
608 1559 711 1619 iustam,
731 1559 779 1607 Ta·

232 1645 296 1694 citus
318 1644 394 1692 etiam
410 1643 502 1691 minus.
536 1641 653 1690 Fortasse
670 1640 778 1703 scripsit:

230 1725 349 1790 praebuit
369 1724 492 1774 honesturn
508 1721 628 1786 sepnitice
645 1721 780 1770 ccccsatio·

233 1821 293 1854 nent.
328 1807 361 1854 In
383 1805 485 1854 honesta
501 1801 657 1852 excusatione
674 1808 712 1850 est
729 1815 780 1864 spe·

233 1886 284 1936 cies
304 1887 454 1946 honestatis,
471 1898 535 1950 quae
552 1882 679 1932 excusatio
695 1883 781 1946 proba·

233 1968 279 2018 bili
302 1969 404 2018 nomine
428 1967 488 2016 belli
511 1966 592 2016 civilis
615 1980 666 2013 non
683 1978 782 2027 prorsus

235 2050 342 2100 absurda
362 2050 483 2098 videatur.
502 2049 604 2096 Terent.
621 2046 703 2095 Andr.
722 2046 744 2094 I.
762 2059 781 2094 1.

237 2134 293 2178 114.
320 2128 434 2176 Honesta
450 2129 539 2176 oratio.
557 2127 645 2177 Cicero
662 2127 693 2176 de
711 2125 781 2176 offic.

237 2211 275 2259 II.
295 2215 336 2260 20.
351 2208 430 2257 Dicta
448 2208 544 2272 quidem
561 2215 597 2256 est
602 2206 782 2272 proclinatio

237 2307 282 2354 que
307 2289 450 2354 loquuntur,
476 2306 501 2338 se
522 2289 547 2338 in
572 2288 696 2350 beneficiis
713 2287 783 2336 coilo·

237 2370 322 2422 candia
346 2387 423 2420 rueres
447 2370 576 2427 hominem,
594 2385 640 2417 non
650 2370 782 2434 fortunam

237 2453 315 2516 sequi.
341 2451 455 2501 Honesta
478 2452 569 2504 aretio.
598 2450 685 2500 Cicero
701 2451 728 2498 in
746 2465 781 2514 sq.

237 2535 358 2592 ostendit,
380 2533 518 2581 orationem
534 2533 608 2582 modo
624 2533 716 2581 habere
732 2546 784 2594 spe·

238 2615 301 2663 ciem
327 2613 469 2662 honestatis.
496 2613 585 2662 Iustin.
613 2614 676 2663 XV.
701 2618 722 2660 l.
749 2611 783 2662 Ut

238 2695 361 2745 honesturn
378 2693 496 2743 adversus
513 2693 591 2742 socios
608 2693 693 2742 beilum
710 2695 783 2742 susci·

235 2793 297 2843 pere
321 2777 459 2835 uideretur,
485 2773 595 2838 dissipat
616 2789 642 2822 se
662 2773 783 2839 inrnpia·

238 2859 278 2909 dis
302 2867 400 2908 mortem
424 2871 440 2904 c
471 2854 610 2906 Cassandro
635 2854 784 2920 interfectae

238 2940 325 2990 alcisci
341 2939 408 2989 velle.

271 3019 783 3083 IndecornsctquehnmiliaSicPuteolJn

238 3099 784 3166 utroqueVatic.indecoris.Quaesti0nonfa-

240 3186 303 3244 cilis,
316 3191 400 3231 utrum
417 3189 531 3244 praestet.
551 3183 595 3231 Ab
603 3197 632 3230 ea
640 3181 784 3245 quaestione

238 3265 348 3329 primum
364 3277 468 3326 segrego
485 3264 555 3311 illam
573 3263 604 3310 de
622 3261 784 3309 adiectivisin

239 3361 266 3395 er
291 3345 473 3404 desinentibus,
498 3349 527 3391 ut
549 3341 654 3401 celeber,
672 3340 784 3400 celebris,

239 3429 270 3479 de
286 3443 336 3492 quo
351 3427 450 3476 Ernest.
466 3426 499 3475 ad
515 3424 609 3486 Annal.
626 3423 664 3472 II.
674 3429 714 3472 88.
724 3421 784 3474 Dra·

239 3509 315 3557 kenb.
342 3509 374 3556 ad
399 3508 455 3556 Liv.
483 3507 607 3556 XXXII.
628 3511 651 3554 l.
668 3504 783 3555 Oudend.

240 3591 271 3638 ad
293 3589 387 3651 Appul.
407 3589 510 3636 Metam.
528 3603 551 3650 p.
572 3590 627 3637 742.
645 3588 712 3636 unde
728 3601 784 3635 con·

240 3675 300 3727 stat,
324 3673 445 3730 quantum
468 3668 568 3730 quidem
586 3669 648 3716 Mss.
664 3668 740 3718 fidere
756 3668 785 3716 li-

240 3756 292 3809 cet,
316 3748 519 3797 terminationem
536 3747 558 3795 is
575 3747 601 3794 in
618 3761 711 3810 genere
727 3762 785 3810 quo·

240 3843 287 3893 que
312 3829 451 3879 masculino
477 3829 602 3878 usitatam.
637 3829 688 3876 Hic
713 3843 786 3892 quae·

239 3914 345 3962 rendum
371 3913 402 3962 de
420 3911 547 3961 adiectivis
564 3911 591 3958 in
608 3927 637 3959 or
654 3911 785 3960 desinenti-

240 3995 299 4056 bus,
324 3994 409 4058 qualia
435 3991 521 4050 decor,
542 3991 654 4051 indecor,
671 3991 785 4052 dedecor,

240 4073 364 4132 concolor,
382 4073 501 4130 discolor,
519 4073 644 4137 bicorpor,
664 4073 786 4138 tricorpor

241 4162 266 4204 et
290 4167 353 4217 quae
375 4160 503 4216 praeterea
519 4154 691 4214 inveniantur,
709 4156 786 4218 plera·

240 4251 289 4300 que
305 4235 409 4284 collecta
427 4237 457 4284 ab
474 4217 564 4286 Heius.
579 4239 611 4285 ad
629 4236 703 4287 Ovid.
718 4237 786 4288 Fast.

242 4318 276 4366 V.
295 4321 350 4366 12³.
369 4318 473 4368 Heroid.
492 4319 543 4368 IX.
561 4326 585 4369 3.
603 4319 742 4369 Videamus
756 4320 787 4367 de

242 4397 312 4447 decor
345 4407 369 4448 et
393 4401 542 4464 compositis.
568 4400 710 4451 Priscianus
736 4402 787 4450 VI.

822 832 929 882 servavit
954 832 1063 882 Naevii:
1088 847 1250 897 mcpncmqee
1271 834 1370 886 domum

822 912 991 976 decoremque,
1021 919 1046 961 et
1070 911 1198 964 Sallustii:
1217 917 1294 965 armis
1312 917 1387 967 deco·

822 995 902 1054 ribus,
928 1001 965 1054 et,
991 993 1124 1043 dedecores
1147 995 1227 1046 malti.
1263 997 1308 1046 Ex
1325 998 1389 1048 aliis

822 1075 998 1124 Grammaticis
1015 1076 1133 1125 novimus
1150 1075 1284 1126 dedecores
1300 1085 1328 1128 et
1346 1079 1387 1129 in·

824 1154 922 1204 decores
947 1169 1041 1218 genere
1058 1171 1159 1220 quoque
1175 1157 1301 1208 feminino
1319 1159 1383 1210 dici.

824 1237 880 1284 Iam
905 1238 1033 1297 quaeritur
1056 1238 1113 1301 quis
1139 1239 1172 1286 sit
1193 1241 1384 1300 nominativus,

824 1315 944 1365 indecoris
961 1332 993 1365 an
1010 1317 1148 1367 indecorus.
1183 1318 1322 1383 Apponam
1338 1337 1384 1372 an·

824 1398 978 1446 notationem
1002 1397 1086 1448 Servii
1109 1401 1142 1448 ad
1158 1400 1229 1450 Aen.
1248 1402 1301 1452 XI.
1321 1407 1383 1454 423.

827 1501 838 1520 u
847 1476 945 1538 Decor,
971 1478 1068 1528 decoris
1094 1479 1168 1540 iacit,
1195 1483 1261 1532 sicut
1277 1492 1383 1543 auctor,

825 1560 949 1616 unctoria·
976 1559 1063 1619 decus,
1081 1560 1191 1620 decoris,
1208 1563 1274 1612 sicut
1286 1580 1382 1627 pecus,

822 1640 935 1704 pecoris:
952 1640 1067 1690 similiter
1083 1641 1143 1690 facit
1160 1644 1187 1691 in
1198 1645 1384 1706 compositione

827 1719 935 1781 indecor,
958 1721 1079 1770 indecoris
1084 1745 1094 1778 ;
1113 1722 1229 1783 indecus,
1247 1723 1381 1775 indecoris.

827 1802 896 1865 Ergo
913 1802 940 1852 in
957 1810 1047 1851 neutro
1065 1820 1092 1852 co
1110 1805 1193 1854 brevis
1212 1812 1263 1866 est,
1280 1807 1308 1855 in
1326 1822 1380 1856 ma·

827 1883 924 1932 sculino
948 1885 1105 1946 producitur,
1131 1885 1200 1936 unde
1218 1895 1321 1950 apparet
1338 1903 1380 1950 sy·

828 1965 907 2012 stolen
925 1963 1012 2014 fecisse
1029 1966 1186 2029 Virgilium:
1205 1983 1265 2018 nam
1282 1968 1379 2018 indeco-

827 2061 867 2093 res
888 2046 1058 2096 nominativus
1075 2052 1113 2096 est
1130 2047 1233 2110 pluralis
1250 2065 1266 2098 a
1283 2063 1381 2100 maecu-

827 2127 897 2186 lino,
914 2129 946 2176 ab
971 2141 1014 2186 eo,
1040 2129 1107 2190 quod
1124 2135 1162 2177 est
1186 2128 1299 2190 indecor,
1317 2145 1380 2180 nam

829 2222 879 2256 non
896 2213 976 2270 potest
993 2207 1031 2256 in'c
1045 2208 1381 2261 indecasfacerezneutrum

829 2288 909 2346 enim,
936 2304 964 2336 us
980 2288 1143 2340 terminatum
1160 2292 1327 2340 masculinum
1344 2305 1379 2342 ex

829 2382 856 2416 se
881 2383 932 2416 non
954 2369 1023 2418 facit.
1042 2369 1096 2418 Aut
1112 2378 1179 2420 certe
1196 2373 1323 2430 dicamus,
1342 2372 1380 2420 in·

829 2447 927 2497 decores
942 2450 1137 2502 declinationem
1154 2467 1222 2512 esse,
1239 2454 1309 2503 cuius
1334 2469 1380 2504 no·

828 2530 963 2578 minativus
989 2532 1123 2594 singularis
1147 2550 1199 2582 non
1222 2533 1381 2584 invenitur.”

829 2609 945 2659 Fortasse
972 2627 987 2659 a
1009 2626 1070 2660 vero
1086 2629 1138 2662 non
1154 2617 1228 2678 plane
1245 2616 1380 2674 abhorret,

828 2692 895 2754 quod
919 2692 1013 2742 dicam:
1039 2692 1125 2742 Decor
1146 2702 1170 2743 et
1187 2694 1271 2755 decus,
1290 2703 1319 2744 ut
1336 2712 1382 2760 ge·

829 2785 901 2830 nera,
926 2773 961 2820 ita
987 2779 1012 2822 et
1037 2775 1218 2837 significatione
1242 2777 1380 2838 differunt:

830 2869 844 2902 a
877 2851 949 2900 decor
980 2861 1017 2903 est
1042 2857 1193 2906 adjectivum
1217 2856 1338 2917 decoras,
1365 2876 1382 2908 a

829 2932 902 2981 decus
927 2933 1076 2984 adiectivum
1102 2936 1210 2997 decoris,
1233 2941 1380 3002 antepenul·
1442 2927 1444 2934 ⁵

829 3016 890 3064 tima
906 3021 1031 3078 correpta,
1048 3018 1119 3065 utin
1136 3019 1278 3079 Naeviano,
1287 3020 1382 3070 doraum

830 3097 945 3156 decorem,
963 3097 1123 3158 etAcciano,
1141 3099 1210 3148 cuias
1226 3101 1261 3150 sit
1278 3102 1331 3150 vita
1344 3103 1380 3151 in·

830 3176 936 3238 decoris,
962 3187 1060 3228 mortem
1079 3181 1174 3245 supere
1200 3189 1296 3246 turpem
1313 3181 1382 3232 land

831 3259 945 3307 convenit.
972 3261 1001 3324 (l.
1029 3260 1096 3309 errius
1116 3260 1168 3310 uita
1185 3260 1218 3310 sit
1235 3259 1380 3321 Indecoris,

829 3348 927 3387 mortem
938 3342 1033 3406 supere
1050 3351 1145 3406 turpem
1161 3341 1230 3390 dead
1249 3342 1379 3406 conuenit.)

831 3422 903 3471 Haec
919 3423 1023 3472 laudans
1031 3425 1129 3474 Nonius
1139 3423 1287 3481 Marcellus,
1296 3423 1379 3472 addit:

833 3525 843 3545 ι
852 3505 917 3566 apud
941 3505 1056 3566 antiquos
1080 3507 1157 3556 fuisse
1183 3507 1209 3554 in
1236 3521 1283 3554 usu
1300 3506 1380 3554 nomi·

830 3585 908 3633 nandi
932 3601 1017 3634 casum
1041 3585 1173 3646 indecoris,
1198 3594 1223 3635 et
1240 3585 1379 3635 indecore?

832 3667 911 3715 Porro
936 3667 1086 3716 adiectivum
1112 3669 1174 3718 mihi
1200 3668 1300 3717 videtur
1324 3681 1379 3716 esse

831 3747 964 3796 formatum
982 3763 1015 3798 ex
1028 3749 1140 3812 genitIvo
1154 3747 1262 3808 decoris,
1271 3749 1380 3806 adaeus,

831 3829 899 3878 unde
923 3837 1032 3878 assumta
1053 3831 1174 3893 particula
1190 3831 1326 3894 privativa,
1344 3829 1379 3877 in·

832 3908 938 3958 deceris.-
964 3917 992 3958 ut
1017 3927 1032 3960 a
1049 3911 1121 3960 decor
1137 3913 1166 3960 fit
1183 3911 1286 3960 decorus
1303 3917 1328 3960 et
1345 3909 1379 3958 in·

832 3990 955 4051 decoras,
966 3995 1164 4056 antepenultima
1180 3995 1307 4056 producta.
1341 3993 1379 4042 Ut

833 4071 905 4121 decas
929 4073 964 4122 ita
988 4073 1108 4123 indecoris
1129 4076 1209 4138 magis
1225 4075 1332 4125 refertur
1348 4075 1381 4124 ad

832 4155 953 4214 animum,
971 4154 1043 4204 decor
1061 4163 1085 4205 et
1102 4155 1230 4204 indecorus
1238 4158 1271 4206 ad
1279 4170 1378 4219 corpus,

833 4243 964 4286 externam
988 4239 1105 4302 speciem.
1131 4238 1211 4286 Tacit.
1233 4238 1322 4301 Agris.
1339 4241 1380 4286 29.

835 4316 907 4366 Clari
936 4318 1009 4378 delio,
1041 4329 1063 4368 et
1094 4336 1140 4368 sua
1165 4317 1268 4382 quisque
1293 4317 1382 4366 decern

833 4409 968 4463 pectantes,
987 4403 1002 4449 i.
1021 4415 1042 4450 e.
1061 4401 1169 4464 insignia
1186 4400 1318 4464 praestitae
1334 4398 1382 4450 for-
