3134 5310
647 533 822 584 uenrconi.
1265 521 1304 584 47

152 707 345 778 ostentanda
377 707 492 772 virtute
514 715 569 770 ent
590 727 647 794 per
671 717 771 772 artem
798 705 973 794 quaesivit3
997 705 1109 793 procul
1134 704 1173 771 ab
1197 727 1305 772 eemn-

152 817 277 882 latione
311 811 458 878 adrersns
482 809 638 897 collegas,
663 810 775 898 procul
799 833 816 874 e
838 811 1041 878 contentione
1065 809 1211 877 adversus
1234 833 1306 899 prc-

153 1041 289 1106 a'naalentia
300 1054 381 1105 paene
397 1038 471 1103 arpad
483 1036 711 1103 potest,pucduua
757 1053 807 1104 qno
841 1039 930 1104 optimi
955 1036 1048 1102 quique
1073 1038 1184 1090 maxime
1215 1041 1308 1090 ducun-

157 1139 213 1173 cum
233 1119 299 1171 Cass.
317 1137 347 1170 ac
364 1128 449 1169 senatu
467 1119 551 1184 effusa
568 1119 710 1168 civitateob·
758 1127 799 1170 tnr
816 1121 993 1170 attrahuntur.

157 1204 238 1264 utam,
254 1219 306 1254 cum
319 1219 367 1267 per
388 1200 495 1250 Tiberim
503 1201 594 1251 subiret
603 1201 712 1259 navibus,
799 1198 949 1250 Ostentauda
973 1198 1064 1248 uirtute
1089 1210 1133 1250 aut
1157 1219 1205 1266 per
1222 1210 1308 1252 artem.

159 1304 208 1336 riou
225 1293 297 1334 autea
313 1285 347 1334 iis
365 1279 713 1349 epreseusest,quamadeum
761 1282 895 1344 Quomodo
919 1281 977 1330 talis
1002 1281 1040 1329 vir
1058 1296 1169 1344 unquam
1185 1299 1307 1346 quaerere

158 1368 239 1417 iocum
252 1366 376 1432 pervenit,
393 1363 435 1414 ubi
451 1371 505 1412 erat
522 1361 712 1429 erpoueudape·
761 1363 842 1426 potuit
872 1361 966 1412 famam
998 1363 1164 1413 ostentatione
1190 1370 1215 1414 et
1239 1366 1309 1416 erte?

159 1448 244 1498 cunia.
270 1449 325 1498 Iam
351 1447 453 1510 Lipsius
476 1445 523 1494 iste
549 1459 608 1493 cum
626 1442 714 1492 Tacito
761 1443 838 1494 Illum
857 1443 1310 1506 minimelaudaveris‚dicendc‚nou

160 1529 323 1594 compererit.
360 1528 394 1576 Iit
418 1526 560 1576 estendam
577 1523 713 1581 sententia,
762 1523 921 1590 quaesivisse.
955 1523 1045 1588 Neque
1079 1533 1242 1578 excusaretur
1267 1541 1311 1578 ex·

160 1613 206 1662 sed
229 1611 308 1661 eiecto
333 1609 458 1658 uirtutum.
493 1605 662 1654 Ruhnkenius
688 1605 715 1654 in
762 1608 845 1670 emplo
863 1607 985 1656 bonorum
1002 1606 1177 1666 hominum,si
1187 1609 1226 1657 illi
1234 1623 1310 1672 quae·

161 1693 268 1743 Velleio
302 1691 416 1756 legebat:
452 1686 521 1737 cuius
553 1686 716 1751 iuteyritatera
762 1689 873 1738 siverint.
910 1688 968 1752 Ipse
985 1687 1042 1736 aliis
1056 1689 1173 1752 exempla
1189 1689 1311 1739 virtutum

161 1773 231 1823 laud
251 1770 351 1822 laudari
367 1771 441 1836 nesae
457 1775 500 1816 est.
536 1767 670 1826 Velleius,
688 1774 717 1816 nt
762 1771 903 1834 praebebat.
943 1769 1094 1832 Legendum
1125 1771 1215 1820 sultam
1241 1777 1310 1832 erat,

164 1855 280 1912 Tacitus,
298 1853 397 1902 nullam
411 1849 716 1900 exabstinentislaudem
763 1859 859 1902 munta
882 1851 1054 1902 distinctione:
1081 1849 1124 1898 Ne
1140 1853 1242 1915 ‘samam
1259 1852 1311 1915 qui-

162 1937 255 1984 talibus
264 1935 325 1984 viris
333 1935 454 1984 accedere
463 1931 637 1980 arbitrabatur.
648 1930 716 1980 Plin.
763 1932 829 1991 ἀιηι,
856 1931 896 1981 cui
920 1947 995 1996 saepe
1020 1931 1093 1981 etiam
1118 1931 1173 1980 boui
1188 1931 1312 1996 induiqeut

162 2017 291 2080 Panegyr.
316 2020 357 2064 20.
382 2012 437 2062 Nec
461 2029 518 2062 uero
537 2029 580 2077 eya
597 2012 623 2060 iu
640 2011 716 2062 laudi·
763 2012 908 2063 ostentando
924 2013 1014 2062 virtute
1031 2021 1076 2061 aut
1081 2029 1129 2078 per
1138 2021 1312 2077 arteu‚quae-

164 2099 209 2146 bus
235 2095 283 2145 tuis
302 2111 406 2162 porram,
425 2094 490 2158 quod
505 2091 630 2144 ducatum
654 2101 718 2143 tuum
763 2095 829 2145 sivit.
864 2095 916 2144 Sed
940 2093 1313 2154 videnduman,s1malede

163 2196 210 2228 uon
220 2187 298 2244 puter
315 2176 445 2241 quispiam,
462 2193 508 2224 nou
524 2174 628 2224 muritta
645 2191 718 2240 expu-
764 2177 887 2242 Agricola
911 2178 1022 2235 dicatur,
1048 2183 1116 2228 recte
1139 2178 1171 2226 de
1188 2177 1260 2227 bonis
1276 2178 1313 2227 di·

163 2261 209 2309 vit.
243 2257 378 2323 Affectota
403 2256 461 2305 eliis
487 2255 604 2314 castitas,
624 2254 667 2304 tibi
684 2254 718 2304 iu·
764 2267 842 2310 entur.
878 2255 1010 2322 Indulqeut
1034 2273 1109 2322 saepe
1129 2259 1228 2324 samue.
1262 2260 1313 2309 Ve-

163 2339 248 2407 9ent'ta
265 2347 288 2388 et
306 2339 391 2388 inuata
409 2347 458 2397 est,
476 2336 587 2400 interque
602 2352 718 2401 ea,quue
763 2356 821 2390 rum
847 2347 896 2400 cst,
922 2355 1003 2402 neque
1019 2346 1151 2402 propterea
1167 2341 1312 2404 culpentur,

164 2424 288 2489 imputare
302 2419 443 2486 naupactis.
453 2418 585 2470 Claudias.
594 2421 626 2469 de
636 2419 717 2468 Theo
764 2430 892 2484 umquam
918 2436 1012 2484 magno
1028 2421 1091 2468 vitio
1108 2421 1233 2471 laborent.
1267 2423 1315 2472 list

165 2507 221 2554 doe.
239 2519 308 2554 cons.
326 2507 384 2552 214.
404 2500 717 2565 Namspretasquisopes‚
764 2518 844 2551 unum
873 2515 906 2550 ex
931 2501 1100 2550 mediocribus
1126 2503 1196 2562 istis,
1223 2504 1314 2566 quibus

164 2587 305 2648 intactaque
320 2592 421 2648 pectore
444 2581 510 2634 lucro
534 2584 717 2634 Commemorett
765 2590 866 2647 propter
889 2583 998 2631 studium
1017 2583 1114 2646 gloriae
1130 2585 1271 2648 ingenitum
1289 2593 1314 2636 et

158 2665 265 2733 suerint
281 2664 338 2714 aliis
354 2665 414 2714 lruec
425 2665 501 2729 sorte
518 2664 622 2714 decora:
637 2663 719 2715 Nulla
764 2665 880 2714 omnibus
915 2679 1062 2724 commune,
1089 2668 1232 2732 ignoscitur.
1268 2669 1315 2718 Est

163 2757 247 2815 potest
281 2747 335 2797 laus
371 2761 422 2796 esse
448 2744 505 2806 tibi,
532 2762 594 2809 quae
617 2745 719 2796 crimina
766 2744 1316 2812 priadoiiuJudulqeutautsmsaepessmae

162 2837 265 2895 purpet.
303 2828 401 2876 Eodem
426 2828 554 2891 pertinent
578 2843 666 2879 verens
692 2829 719 2878 in
765 2828 912 2878 ostentanda
927 2829 1018 2878 uirtute
1033 2838 1077 2878 aut
1090 2845 1138 2894 per
1154 2839 1245 2890 artem,
1264 2815 1315 2881 nen

164 2911 259 2974 Elegia
283 2909 315 2958 ed
334 2909 437 2958 Liviam
455 2907 597 2972 Augustam
616 2915 662 2970 42,
681 2925 718 2974 sq.
766 2917 804 2961 est
828 2911 917 2960 vitium
945 2911 1085 2970 mediocre,
1103 2918 1142 2961 est
1159 2911 1314 2966 κενοδοξία.

168 2990 238 3048 Quid
262 2990 306 3040 titi
326 3007 387 3038 nuuc
403 3006 481 3038 atores
496 3001 615 3055 prosunt,
630 3001 720 3040 actum·
768 2992 858 3043 Omnis
875 2992 1009 3040 ostentatio
1026 2999 1051 3040 et
1066 3007 1107 3040 ars
1124 2994 1150 3042 in
1166 2993 1215 3042 hac
1229 3009 1317 3044 mussa

168 3090 215 3138 que
229 3071 322 3138 pudice
345 3069 414 3120 Omne
431 3087 528 3132 aevurn,
546 3081 569 3122 et
586 3081 653 3122 tauto
672 3081 720 3121 tam
766 3074 849 3137 prodit
865 3072 1010 3122 sanitatem.
1029 3072 1098 3134 Ergo
1107 3072 1253 3136 interpretes
1261 3089 1317 3124 rem

165 3151 296 3221 placuisse
312 3151 382 3200 viro?
401 3150 516 3216 Quidque
529 3153 655 3218 pudicitia
670 3161 722 3202 tau·
768 3154 803 3204 sic
826 3153 952 3216 explicare
978 3158 1114 3216 coguntur:
1141 3169 1206 3217 uper
1223 3163 1316 3216 ortem,

165 3243 223 3284 eum
239 3230 357 3280 inviolata
373 3233 496 3294 banorum,
519 3233 613 3284 Ultima
629 3231 721 3283 sitlau·
767 3234 816 3285 hoc
842 3233 870 3282 fit
896 3249 954 3283 cum
971 3233 1125 3283 blandiendo
1141 3239 1318 3302 precandoqus

170 3315 215 3366 des
241 3314 305 3363 inter
330 3321 358 3363 ut
382 3313 429 3364 iliu
452 3319 524 3363 tuas?
560 3314 632 3375 Quae
649 3316 722 3366 intel·
768 3324 812 3366 aut
840 3315 971 3380 largiendo
998 3316 1074 3364 etiam
1098 3316 1260 3379 impetremus
1285 3321 1317 3369 ab

167 3398 216 3462 ligi
237 3403 368 3460 poterent,
394 3397 415 3446 si
433 3397 590 3462 legerentur:
610 3393 723 3460 Quidque
768 3399 838 3457 eliis,
861 3404 889 3446 ut
907 3412 952 3446 nos
969 3397 1153 3459 quantumlibet
1169 3396 1232 3446 falso
1250 3413 1316 3448 com·
1348 3411 1350 3416 ·

165 3476 308 3544 pudicitiae
341 3485 434 3525 tontum
467 3478 572 3527 sociam
596 3477 720 3536 tonorum,
769 3480 890 3529 mendant
906 3495 935 3528 nc
952 3476 1081 3526 laudent.''
1107 3477 1190 3526 Iidem
1199 3480 1318 3542 exempla

177 3558 270 3609 Ultima
287 3558 320 3607 sit
337 3557 423 3606 iaudes
439 3557 500 3608 iuter
517 3567 545 3607 ut
560 3557 606 3606 illo
623 3563 696 3606 tuos?
768 3561 843 3608 huius
864 3559 924 3607 artis
941 3557 1049 3607 afferunt
1066 3573 1099 3608 ex
1119 3558 1200 3608 Taciti
1219 3559 1315 3609 Anuel.

209 3642 255 3695 dri
277 3659 352 3710 saepe
368 3641 440 3692 etium
456 3643 510 3692 boui
526 3641 657 3706 iuduipcnt.
684 3641 723 3691 Ci-
771 3641 833 3689 XV.
853 3644 893 3697 21,
911 3643 952 3687 22.
971 3648 996 3688 et
1012 3641 1096 3690 Dione
1109 3639 1196 3690 Cassio
1213 3641 1316 3692 XLVI.

170 3741 230 3776 cero
254 3740 299 3790 pro
326 3724 423 3774 Archia
447 3730 470 3774 2.
499 3721 631 3774 Trahimur
647 3739 724 3772 omues
770 3727 810 3770 25.
828 3725 958 3783 Augustus
974 3719 1319 3790 τῷὺπηκόῳπροςπαρήγ.

171 3806 254 3856 laudis
279 3803 374 3864 studio,
395 3813 420 3864 ¹et
437 3805 541 3870 optimus
558 3805 660 3868 quisque
676 3821 724 3854 ma-
771 3800 846 3867 psrla
873 3801 976 3868 μηδενὶ
1003 3803 1058 3853 τῶν
1078 3807 1342 3873 προςτασσομένων’

171 3892 235 3946 xime
250 3890 333 3955 pluria
350 3889 457 3941 ducitur.
477 3892 579 3942 Tacitus
596 3890 664 3940 Hist.
673 3891 723 3939 IV.
772 3883 868 3942 αὐτοῖς
895 3885 1051 3952 ἀρχόντων,
1070 3889 1141 3952 μήτε
1167 3891 1215 3950 τῆς
1233 3887 1319 3954 ἀρχῆς

172 3979 200 4036 2,
226 3970 311 4021 Erant
336 3971 421 4036 quitus
444 3973 591 4035 (Helvidius
611 3973 724 4039 Priscus)
772 3969 860 4036 χρόνῳ
877 3972 948 4031 μήτε
967 3970 1042 4026 ἐντὸς
1059 3967 1193 4034 ἑξήκοντα
1210 3969 1318 4035 ἡμερῶν

172 4053 329 4122 appetentior
348 4055 439 4119 saraae
463 4051 601 4113 uideretur,
628 4052 725 4118 quaudo
771 4053 843 4112 μετὰ
860 4054 892 4100 τὸ
916 4050 1109 4116 ἀπαλλαγῆναι
1134 4054 1209 4112 σφᾶς,
1235 4054 1318 4116 τιμήν

173 4140 248 4190 etiam
273 4140 424 4206 sapientibus
449 4139 538 4206 cupido
564 4137 659 4203 pieriae
686 4156 725 4188 uo·
772 4151 835 4182 wa
860 4131 990 4199 dedicas,
1016 4133 1060 4181 ὅτ*
1077 4130 1149 4190 vetis
1166 4135 1319 4203 μαρτυρίας

173 4221 273 4272 sissima
299 4219 407 4281 exuitur.
443 4223 505 4272 Erat
522 4222 598 4286 igitur
616 4220 725 4284 singula·
772 4219 836 4282 παρ’
859 4215 951 4264 αὐτῶν
978 4216 1026 4264 aut
1048 4217 1177 4271 tactusve
1193 4232 1319 4284 aparue-

174 4307 209 4356 ῆς
231 4308 357 4371 quaedam
374 4316 400 4356 et
416 4309 512 4358 eximia
526 4307 604 4356 virtus
621 4306 726 4370 Agrico.
773 4298 1005 4365 ραῦκδυαζόμένοι
1030 4295 1119 4346 πολλὰ
1145 4295 1193 4346 δῦᾶ
1217 4297 1319 4350 τούτου

176 4389 230 4447 lae,
258 4389 303 4452 qui
329 4402 362 4438 ne
380 4389 444 4438 illud
458 4389 561 4452 quidem
578 4397 724 4450 quaereret,
772 4380 964 4447 ἐκακούργουν·
990 4381 1067 4444 Apud
1094 4380 1210 4432 Tacitum
1227 4382 1320 4433 Paetus

176 4471 243 4535 qnod
273 4469 419 4524 hominibus
451 4470 522 4534 qnasi
547 4469 727 4532 ingeneratur,
774 4466 888 4515 Thrasea
909 4463 1009 4515 suadet:
1028 4460 1147 4512 adversus
1163 4479 1247 4514 uastum
1260 4483 1319 4531 pro
1342 4505 1346 4516 ,
