3074 5310
664 539 838 586 ruricort.
1252 531 1315 596 tta

214 704 284 772 XL.
320 706 422 796 Igitur
454 707 657 797 triumphalia
692 718 878 774 ornamenta
900 720 932 774 at
953 707 1082 776 illustris
1105 723 1228 786 statuas
1251 713 1311 780 ho·

161 833 301 890 norem,
337 824 369 878 et
404 812 559 902 quidquid
591 835 649 903 pro
683 813 845 902 triumpho
876 812 984 895 datur,
1016 816 1118 882 multo
1141 819 1310 886 verborum

162 917 291 984 honore
326 918 507 996 cumulata,
543 917 671 986 decerni
704 919 738 983 in
760 931 872 986 senatu
891 919 998 999 iubat,
1024 921 1160 1012 addique
1183 926 1312 1015 insuper

164 1022 375 1113 opinionem,
412 1023 538 1114 Syriam
571 1023 767 1114 provinciam
801 1025 967 1114 Agricolae
989 1025 1159 1108 destinari,
1180 1053 1313 1098 vacuam

166 1215 195 1258 et
210 1223 263 1272 pur
278 1215 355 1258 metus
370 1207 487 1260 admissis
495 1218 518 1260 et
526 1210 640 1262 exclusis.
657 1209 718 1260 Non
762 1216 803 1260 tus
824 1211 962 1275 scripsisset
986 1221 1078 1262 secreto
1104 1232 1148 1266 suo
1165 1233 1191 1266 se
1208 1218 1314 1268 eatinus.

165 1289 246 1339 adire
269 1289 397 1354 pruisquam
422 1306 468 1340 non
484 1289 578 1356 alloqui
593 1293 717 1356 audebat,
763 1291 905 1342 Discrimen
930 1300 1031 1357 apparet
1058 1309 1092 1344 ax
1108 1297 1170 1346 loeis
1186 1313 1202 1348 a
1220 1298 1315 1349 Waxio

166 1370 284 1420 tenebrae
300 1385 394 1436 semper
411 1379 436 1420 et
443 1381 561 1422 nemetum
569 1383 717 1440 captantem,
762 1373 889 1437 appositis.
907 1375 998 1424 Horat.
1017 1374 1101 1425 Caum
1122 1375 1145 1425 1.
1163 1391 1192 1426 11.
1202 1379 1242 1428 37.
1254 1375 1314 1427 Heu

165 1466 216 1501 nec
231 1467 336 1516 unquam
352 1468 382 1501 eu
397 1452 529 1504 solitudine
542 1455 717 1520 prodeuntem,
763 1453 834 1504 nimis
858 1454 928 1520 leupo
953 1455 1046 1507 satiate
1063 1454 1133 1515 ludo,
1152 1453 1227 1513 Quem
1243 1458 1314 1508 iuuat

165 1531 221 1584 nisi
236 1541 263 1582 ut
278 1531 431 1584 solitudinem
441 1536 556 1599 suamet.
586 1536 658 1587 Haec
673 1538 718 1601 igi-
763 1535 854 1585 emmor
869 1535 1003 1601 paleaeque
1020 1537 1091 1597 leues,
1107 1539 1125 1586 i.
1143 1551 1166 1588 e.
1183 1539 1227 1603 qui
1243 1547 1316 1593 tesa-

165 1621 212 1664 tur
236 1621 288 1664 arat
311 1617 465 1665 consuetudo
481 1616 548 1667 ritae
564 1617 717 1669 Domitiani:
764 1615 874 1677 tiueisti,
900 1616 983 1667 desine
1008 1627 1032 1667 te
1047 1617 1151 1669 satiare.
1170 1619 1267 1671 Seneca
1283 1622 1315 1672 de

164 1697 295 1761 quomodo
310 1711 378 1746 nuuc
394 1695 443 1746 dici
459 1703 540 1761 potest
548 1699 657 1749 satiatus
665 1713 719 1750 essa
765 1697 808 1746 Ira
826 1697 863 1748 11.
881 1703 905 1748 8.
923 1697 1047 1747 Ferarum
1062 1699 1109 1748 iste
1126 1708 1316 1762 comentusest,

165 1784 277 1838 msto,
298 1785 419 1828 secretum
435 1780 578 1844 reliquisse,
595 1781 622 1830 in
639 1782 719 1845 publi·
765 1777 814 1828 nisi
838 1777 905 1842 quod
925 1779 985 1829 iliae
1001 1780 1067 1829 iuter
1083 1796 1110 1829 se
1122 1781 1242 1846 phecidae
1258 1791 1316 1832 sunt

165 1873 229 1910 cum
251 1859 389 1922 prodiisse?
413 1859 443 1910 Si
459 1861 543 1912 statim
559 1861 719 1926 Agricolam,
764 1874 893 1923 auersaque
908 1860 1023 1910 similium
1039 1860 1172 1921 abstinent,
1189 1861 1216 1911 lu'
1231 1872 1316 1914 mutua

165 1955 204 1992 ex
221 1941 355 1991 Britannia
370 1955 511 2004 reversum,
528 1942 671 2004 occidisset,
686 1943 720 1993 ia·
766 1939 914 1992 humatione
938 1941 1073 1992 satiantur.
1107 1941 1161 1992 Ubi
1178 1957 1230 1992 non
1247 1951 1315 1995 recte

165 2023 257 2082 uisam,
273 2024 341 2087 quod
357 2023 457 2072 Plinius
472 2023 572 2084 obiicit,
590 2039 720 2076 eumuna·
764 2023 887 2074 diceretur
902 2023 1013 2074 satiatae
1029 2032 1094 2074 sunt.
1120 2023 1235 2074 Kritnius
1251 2025 1314 2076 iudi-

164 2118 247 2170 quaru
269 2104 403 2167 prodiisse,
428 2104 479 2154 nisi
496 2106 528 2154 ad
545 2111 655 2168 stragem
671 2106 719 2156 cla
764 2109 805 2154 eat
820 2105 873 2154 rim
889 2105 1027 2155 sententiae
1041 2118 1095 2156 asse
1108 2105 1314 2167 iussereto,uou

166 2185 327 2235 rissimorum
344 2185 446 2236 civium.
473 2185 525 2235 Sed
541 2187 636 2247 obstat,
652 2188 721 2250 quod
765 2187 792 2236 in
817 2185 933 2236 satiatus.
957 2183 1103 2237 uSeoretum
1120 2193 1204 2238 autam
1220 2194 1258 2239 ast
1273 2204 1314 2240 res

167 2266 287 2332 optimum
309 2267 412 2316 rebatur
437 2266 624 2332 inpraesentia
639 2266 720 2318 odium
764 2268 840 2318 tacita
871 2274 957 2319 menta
982 2268 1088 2332 agitata,
1113 2271 1190 2320 tacito
1216 2278 1315 2334 pectore

165 2362 296 2413 reponere.
320 2349 354 2398 Et
375 2354 437 2415 quot
452 2363 532 2399 annos
548 2349 635 2400 odium
650 2365 720 2414 rspo-
764 2349 900 2398 recondita.
936 2349 995 2411 Qua
1010 2366 1089 2415 quum
1105 2351 1315 2402 satiatuedicitur

166 2430 236 2480 suitl
262 2429 383 2492 Agricola
406 2429 515 2481 Romam
538 2432 612 2482 rediit
637 2447 659 2482 a.
677 2436 719 2482 85.
765 2430 938 2490 Domitianus,
953 2431 1002 2481 hoo
1017 2431 1315 2494 significatur‚aumtum

166 2524 270 2562 veneno
293 2512 444 2576 interceptus
468 2518 505 2562 est
530 2527 552 2562 a
575 2517 616 2562 9³.
633 2512 721 2563 Domi-
765 2527 817 2560 nou
833 2512 918 2576 palam
934 2513 1024 2575 petisse
1033 2511 1317 2574 Agricolam,sedcon·

166 2591 253 2642 thuna
276 2605 310 2642 ua
327 2593 423 2642 senatui
439 2593 553 2657 quidam,
569 2595 597 2644 iu
613 2595 720 2659 quoho
764 2598 863 2643 tentum
887 2592 963 2642 inissa
986 2593 1074 2643 odium
1097 2608 1170 2644 suam
1187 2601 1261 2660 atque
1278 2596 1315 2646 in-

167 2673 720 2738 norasAgrieolasdecreti,interfurt.Saevae
764 2673 860 2724 vidium
883 2675 1004 2724 virtutum
1027 2674 1163 2739 Agricolas
1187 2678 1254 2728 iutra
1274 2693 1315 2742 pe·

168 2756 206 2806 ita
223 2754 379 2819 cogitationis
395 2755 516 2804 indicium
532 2763 598 2818 erat,
611 2759 720 2822 quodsx
764 2760 818 2804 ctus
834 2753 974 2804 co'e'rcerc.'q
999 2755 1061 2807 Non
1076 2764 1138 2822 puto
1149 2759 1258 2824 aliquam
1266 2759 1315 2810 hoc

168 2841 267 2886 sacrato
291 2851 343 2885 nou
359 2837 459 2898 prodiit.
478 2838 627 2900 Lugendum
643 2845 719 2902 patos
764 2835 801 2884 ita
824 2835 901 2884 fuisse
925 2849 1118 2900 expressurumr
1136 2839 1182 2889 sed
1196 2840 1316 2891 satiatum

168 2923 265 2966 secreto
289 2931 332 2966 sua
358 2915 468 2968 latitans.
494 2917 524 2968 si
539 2920 626 2984 literae
642 2927 720 2970 naua
760 2915 849 2981 fuisse
864 2915 946 2966 odium
961 2925 1036 2980 utque
1051 2917 1169 2969 invidiam
1189 2921 1257 2970 intra
1270 2937 1314 2986 pe·

168 3003 312 3062 ponuntur,
328 2997 437 3048 satiatus
451 2998 589 3049 etlotituns
596 3001 721 3050 nonmul·
766 3005 820 3046 ctus
836 2995 975 3046 coercendo.
993 2995 1109 3048 Satiatur
1125 3001 1181 3062 plus
1194 3007 1316 3064 amquam

169 3085 227 3130 tum
258 3078 385 3128 differunt.
421 3079 553 3130 Sententia
576 3094 638 3130 sana
661 3081 721 3130 hinc
766 3085 904 3137 contentus,
922 3084 959 3127 sst
976 3080 1008 3128 ad
1024 3079 1315 3144 sutietatemusqueoou-

170 3160 280 3210 nascitur
288 3160 416 3210 intellectu
424 3161 551 3211 facillima.
561 3160 637 3211 Adde
644 3163 721 3212 verbs
765 3163 857 3208 tentus.
874 3158 932 3207 Iam
948 3158 974 3206 in
992 3159 1141 3223 quibusdam
1150 3161 1273 3224 exemplis
1281 3163 1315 3212 al·

170 3241 251 3292 Plinii
275 3241 401 3306 Panegyr.
428 3247 468 3291 49.
492 3240 605 3294 Dimovit
617 3245 721 3309 perfre·
765 3245 847 3290 terum
862 3254 908 3304 pro
924 3240 1002 3290 altaro
1019 3241 1082 3290 bane
1098 3241 1211 3291 adhiberi
1226 3249 1316 3306 potest,

169 3323 256 3390 pitque
280 3322 406 3374 custodias
430 3321 531 3384 Poena,
556 3332 721 3390 anpustosque
766 3321 793 3370 iu
816 3321 871 3371 aliis
887 3321 1080 3386 minuspotest,
1097 3322 1151 3381 hic,
1168 3324 1315 3383 credo,mi·

168 3419 219 3471 per
234 3403 320 3455 aditus
336 3412 361 3454 et
376 3405 525 3465 obstructos,
542 3422 588 3454 non
604 3421 674 3455 secus
690 3421 721 3454 ac
766 3401 844 3451 nime.

168 3502 218 3553 per
237 3495 341 3552 opertus
351 3487 429 3551 sores
446 3493 471 3535 et
486 3486 620 3536 invitantia
636 3485 721 3536 limina
806 3480 892 3532 Odium
908 3497 1034 3547 reponere.
1052 3483 1142 3532 Iustiu.
1153 3486 1177 3530 5.
1187 3479 1240 3531 Sed
1246 3480 1315 3532 Har·

168 3565 303 3632 perrupit‚·
329 3565 446 3630 inopsque
470 3575 525 3616 tune
547 3566 587 3616 illi
603 3564 721 3616 diuinitus
763 3577 859 3629 papus,
876 3562 1045 3628 adpraesens
1061 3562 1317 3629 tempusdissa'mubatc

173 3661 235 3708 auu,
253 3646 322 3710 lonpe
338 3661 434 3695 arcana
446 3646 494 3696 illu
507 3645 598 3698 cubilia
607 3646 722 3709 saeuique
768 3643 864 3704 dolore,
886 3643 967 3693 odium
983 3645 1050 3709 repis
1066 3645 1093 3694 in
1108 3643 1232 3694 uindictae
1248 3662 1317 3696 occu·

173 3743 295 3787 secamus,
320 3725 345 3775 in
370 3743 431 3790 quoa
455 3727 539 3776 timore
564 3735 588 3776 et
604 3727 722 3792 superbia
767 3725 855 3774 sionem
871 3725 978 3775 distulit.
995 3726 1109 3776 Iustinus
1126 3732 1193 3776 rectu
1209 3729 1316 3777 addidis-

173 3815 198 3857 et
214 3807 271 3857 odio
288 3806 406 3857 bominum
422 3809 550 3872 apebatur.
568 3807 670 3872 Lipsius
687 3808 723 3857 ibi
767 3815 816 3857 set:
843 3807 878 3856 ad
898 3823 1020 3873 praesens
1045 3817 1139 3873 tempus
1164 3805 1318 3856 dissimulato

173 3895 293 3940 annotat:
321 3889 383 3939 ..ubi
404 3904 478 3940 saera
494 3896 519 3940 et
535 3889 616 3940 tristia
631 3888 723 3938 machi·
768 3879 852 3940 dolore'
876 3896 1014 3948 contentus,
1038 3904 1089 3938 nou
1106 3887 1261 3938 dissimumto
1277 3887 1318 3937 do·

172 3969 297 4020 nubatur”
322 3977 347 4020 et
363 3971 389 4019 lr.
406 3971 424 4020 l.
443 3971 525 4020 Taciti
542 3987 586 4034 pro
604 3972 723 4034 interpre-
769 3969 821 4020 iore
838 3971 956 4020 satiatus.

171 4051 268 4102 tatione
291 4051 377 4101 utitur.
412 4051 484 4100 Haec
509 4053 544 4100 ita
568 4053 722 4117 scripseram.
802 4048 919 4115 Addique
942 4049 1044 4115 insuper
1068 4047 1212 4115 opinionem.
1234 4049 1318 4100 Muro-

172 4133 250 4183 Nune
275 4133 347 4183 vidae
365 4133 488 4184 Wexium
504 4133 612 4182 satiatus
629 4134 664 4184 ita
681 4147 723 4183 ax·
769 4139 809 4181 tus
830 4133 940 4195 legebat:
957 4129 1085 4194 additque.
1103 4127 1222 4198 Alterum
1239 4131 1320 4193 magis

172 4214 277 4279 plicare:
306 4211 426 4265 “Satiari
449 4214 515 4278 apud
542 4214 647 4265 Latinos
672 4229 724 4264 non
769 4226 802 4262 ex
824 4226 893 4262 mora
908 4211 1056 4261 Domitiani.
1075 4210 1127 4272 Qut
1143 4210 1229 4259 omnia
1244 4210 1320 4261 situu-

171 4297 249 4346 modo
266 4302 311 4357 est,
329 4297 517 4360 adsatietatem
534 4295 724 4358 aliquarafrui,
769 4293 805 4342 lat
830 4297 855 4342 et
878 4292 1032 4352 dissimulat,
1058 4293 1126 4341 iubet
1150 4292 1233 4354 potius
1258 4290 1320 4342 addi

171 4379 217 4428 sad
242 4379 326 4439 stiam,
344 4379 461 4428 delectari
485 4378 568 4442 aliqua
592 4391 633 4436 re,
651 4377 726 4426 alicui
770 4372 918 4439 opinionem,
941 4388 1018 4438 quum
1034 4373 1087 4436 ipse
1103 4371 1188 4420 addit:
1205 4371 1268 4423 addi
1284 4376 1320 4424 iu·

173 4460 298 4524 uoluptati
314 4474 341 4514 se
357 4457 443 4513 dara.'’
462 4459 544 4521 Tum,
560 4463 635 4522 pato,
654 4458 725 4510 Taci·
771 4457 844 4508 bebat
869 4457 901 4508 ab
925 4455 1009 4521 aliquo
1034 4455 1061 4506 iu
1086 4460 1187 4516 senatu,
1211 4456 1256 4522 qui
1284 4457 1320 4506 ita

749 4529 754 4558 ⁴
1190 4541 1221 4584 so
