3130 5308
642 533 820 585 remcort.
1257 524 1316 586 155

179 731 252 776 rum
288 703 482 773 exercituum
518 701 685 780 terminos,
722 702 819 767 finem
855 701 1034 769 Britanniae
1058 725 1121 768 non
1147 704 1231 769 fama
1262 727 1322 771 nee

179 833 325 889 rumore,
362 806 414 874 sed
450 807 558 872 castris
588 818 620 872 et
649 807 743 870 armis
765 819 923 874 tenemus.
947 808 1080 874 Inventa
1105 808 1267 874 Britannia
1292 822 1324 875 et

178 918 323 983 subacta.
348 910 504 1000 Equidem
530 933 622 1000 saepe
645 911 677 976 in
702 911 848 999 agmine,
875 934 974 1000 quum
1000 935 1051 978 ros
1075 912 1207 1002 paludes
1230 935 1322 978 mon-

178 1035 265 1089 tesre
300 1032 332 1086 et
366 1017 500 1082 flumina
522 1015 711 1104 fatigarent,
736 1014 898 1081 fortissimi
922 1018 1075 1112 cuiusque
1102 1039 1193 1084 voees
1217 1017 1325 1084 audie·

178 1127 278 1192 bam:
325 1119 452 1212 quando
486 1119 614 1186 dabitur
647 1119 767 1198 hostis,
804 1119 931 1208 qnando
967 1121 1074 1189 acies?
1111 1119 1273 1202 Veniunt,
1309 1146 1326 1187 e

216 1368 524 1434 Adversueipsamrerunt
531 1376 653 1417 naturam.
676 1365 731 1416 Sal·
776 1372 834 1416 ante
859 1363 960 1416 claudii
978 1371 1091 1430 tempora
1107 1367 1203 1417 tabulas
1219 1368 1251 1417 de
1269 1367 1325 1418 Bri-

178 1451 241 1518 lnst.
269 1449 302 1499 B.
328 1449 385 1512 Ing.
414 1451 453 1499 75.
472 1446 524 1513 Spe
536 1445 660 1514 patrandi
676 1446 733 1496 beiti
775 1448 863 1496 tanniu
879 1446 1054 1497 audiverunt.''
1072 1447 1328 1512 KritaiusperZeug·

180 1545 263 1580 armies
279 1529 433 1594 asperitates
450 1527 629 1593 supervadere,
647 1543 678 1576 ac
691 1543 732 1576 nu·
777 1543 819 1578 mu
836 1529 868 1578 ad
878 1529 956 1593 fama
972 1528 1066 1591 cogitet
1081 1528 1241 1592 eapncuimue.

183 1621 267 1662 turam
284 1611 358 1660 etiarn
374 1609 454 1674 ipsam
470 1610 566 1659 vincere
579 1608 733 1674 appreditur.
815 1607 919 1666 Quando
928 1607 1327 1672 dabiturbastis,quundoaeiest

181 1692 277 1742 Martii.
304 1691 327 1740 1.
356 1692 416 1750 763,
432 1696 506 1739 vocat
521 1689 633 1753 Ulyssen
649 1687 733 1737 Natu·
780 1688 885 1739 Servari
900 1689 976 1750 acies,
994 1690 1194 1740 emendationem
1203 1689 1328 1750 Rhenum,

181 1788 230 1822 rae
242 1770 642 1832 uictarern.Enn0dinePenegyr.
652 1769 733 1818 nnso-
779 1771 811 1819 ab
835 1771 965 1829 omnibns,
987 1771 1075 1829 credo,
1092 1761 1224 1834 receptam.
1242 1772 1277 1820 nt
1293 1771 1329 1821 sic

182 1853 249 1904 dosii
273 1868 299 1917 p.
323 1857 382 1901 29³.
400 1848 492 1900 Prima
508 1849 603 1898 &stria
619 1847 734 1898 ominibus
780 1851 868 1901 Valer.
894 1851 979 1900 Flnea.
1005 1850 1041 1900 V.
1066 1852 1123 1899 617.
1151 1847 1330 1912 Quinquennis

182 1941 273 1984 centra
297 1940 412 1982 naturam
429 1930 565 1979 certamina
580 1929 733 1995 surripiens,
781 1940 829 1980 tunt
845 1939 903 1980 uota
919 1929 986 1980 Deis
1003 1938 1027 1978 et
1040 1929 1133 1995 pusula
1144 1928 1331 1994 sunditrDent

180 2030 213 2064 ne
237 2011 370 2064 resistendi
387 2027 444 2076 spes
459 2009 641 2074 relinqueretur
657 2009 733 2058 inimi·

182 2095 237 2156 eis,
262 2094 350 2144 uarias
367 2091 412 2142 tibi
427 2091 479 2141 loeo
492 2090 609 2156 principe
624 2088 686 2139 eceli
702 2087 733 2137 le·

181 2191 241 2241 pes,
259 2181 384 2224 terrarum
399 2171 541 2232 munimina,
552 2170 682 2234 fluminum
694 2185 733 2218 su-

181 2255 298 2321 perbiam
314 2251 459 2303 subdidisse.

218 2333 324 2385 Inventa
348 2331 488 2383 Britannia
512 2338 537 2380 et
561 2331 671 2380 subacta.
696 2329 734 2379 Ut

181 2431 262 2468 maxe
298 2431 359 2479 quoe
384 2412 450 2477 quod
474 2411 570 2462 tandem
594 2411 733 2472 inuenietis,

184 2513 232 2547 nan
255 2497 415 2553 restiterunt,
441 2492 486 2542 sed
509 2491 654 2558 deprehensi
670 2499 734 2540 ment.

182 2577 276 2628 Florus
293 2577 332 2626 11.
351 2580 376 2624 3.
392 2572 500 2639 Lipares
516 2573 572 2622 imis
588 2570 690 2637 Alpium
699 2571 735 2620 in·

181 2656 223 2723 pie
245 2655 417 2715 mbaerentes,
440 2654 504 2704 inter
525 2652 619 2702 Varum
635 2661 660 2700 et
677 2650 735 2701 Mu·

183 2751 252 2789 crum
271 2737 383 2800 flumen,
401 2734 582 2799 implicitosque
598 2733 677 2782 dumis
694 2732 734 2783 stt·

182 2817 319 2877 ventribus,
345 2814 423 2865 maior
449 2813 577 2878 eliquanto
595 2813 664 2863 labor
681 2821 737 2862 aar

183 2897 294 2948 inuenire
311 2911 383 2960 quam
400 2895 502 2944 uincere.

221 2976 314 3041 Neque
338 2991 380 3024 voa
396 2973 466 3024 ducis
483 2974 614 3040 poenituit.
641 2975 737 3023 Eadem

184 3058 310 3110 orationis
335 3055 416 3106 forme
440 3056 467 3103 ia
484 3055 542 3106 Liv.
561 3055 596 3104 V.
615 3058 655 3104 27.
680 3053 738 3104 Nee

185 3154 232 3187 uos
252 3135 319 3199 fidei
342 3144 454 3196 necnee,
467 3150 511 3184 nee
527 3151 570 3183 noe
586 3134 685 3198 imperii
700 3149 737 3183 ve·

187 3217 239 3268 stri
249 3216 378 3282 paenituit.

221 3295 283 3348 Nan
300 3299 380 3363 sarna
400 3312 443 3346 nee
458 3311 570 3356 rumore,
587 3295 632 3345 sed
647 3296 739 3345 castris

186 3389 213 3431 et
229 3379 306 3429 urrais
323 3387 436 3427 tenemur.
453 3376 534 3426 Fame
550 3382 576 3425 at
591 3391 676 3425 rumor
689 3379 738 3440 ple-

187 3473 294 3525 rumque
310 3459 473 3507 mentiuntur.
492 3458 534 3506 Ite
549 3458 598 3507 iam
616 3464 690 3507 antae
704 3459 738 3508 le·

187 3541 242 3606 geri
266 3546 291 3590 et
316 3540 440 3589 exercitae
465 3538 574 3588 Romani
589 3539 667 3588 finem
683 3540 739 3588 Bri-

187 3621 291 3670 tanniae
314 3631 447 3682 occupasse
471 3619 644 3668 narrabantur.
688 3619 740 3670 Sed

187 3704 371 3764 oceupererant
381 3700 460 3763 sama
477 3707 570 3749 tantum
587 3708 611 3748 et
627 3715 739 3760 rumore,

189 3795 242 3832 non
259 3779 347 3830 emnia
364 3783 389 3828 et
405 3780 494 3840 samm,
508 3793 662 3830 noarevera.
680 3779 740 3830 Ora-

187 3863 226 3911 tio
252 3860 362 3918 nonies,
379 3857 431 3910 iere
447 3866 476 3909 ut
492 3862 558 3924 apud
575 3861 739 3926 Theapbrest.

780 2013 872 2072 aciem,
897 2011 954 2061 dent
978 2009 1106 2074 belbipercs
1118 2025 1249 2076 ,superare
1266 2009 1329 2060 labn-

779 2107 828 2140 res.
863 2093 895 2142 In
918 2092 981 2142 Mes.
998 2092 1090 2155 legitur
1106 2089 1203 2154 qnando
1220 2090 1329 2149 enimus,

778 2173 846 2221 unde
861 2173 1016 2222 coniecerem
1026 2195 1031 2223 :
1042 2171 1139 2236 wando
1144 2171 1329 2238 pupnabirnust

781 2253 839 2302 Liv.
857 2253 924 2302 VII.
945 2258 983 2302 la.
1006 2250 1147 2303 Ternilites
1164 2253 1330 2314 inieramus,

779 2342 807 2382 ut
823 2332 891 2382 nobie
905 2333 1035 2399 pugnandi
1047 2333 1246 2400 eopiamfact‘as.
1265 2334 1329 2382 Ver-

779 2415 839 2464 bum
861 2414 923 2464 dare
939 2415 966 2463 in
982 2415 1029 2464 hec
1044 2428 1072 2463 re
1088 2413 1214 2462 usitatam.
1233 2411 1329 2462 Annei.

781 2495 819 2544 II.
849 2501 886 2544 13.
913 2492 1026 2544 Incendit
1050 2509 1081 2544 ea
1097 2491 1241 2543 contumelia
1257 2491 1329 2556 iepia·

780 2591 835 2624 num
851 2575 916 2625 iras:
933 2576 1025 2625 veniret
1041 2574 1107 2635 dies,
1121 2573 1225 2624 daretur
1234 2590 1329 2639 pupna.

782 2657 872 2706 lustin.
890 2656 982 2706 XLII.
1002 2661 1024 2706 l.
1042 2655 1271 2706 Dolenrestenrcm
1288 2655 1328 2706 iti·

781 2736 848 2786 neris
855 2738 964 2802 frustra
979 2751 1102 2797 emensum,
1120 2751 1172 2785 cum
1188 2736 1227 2786 vei
1241 2735 1331 2802 stipen-

781 2816 847 2866 dium
868 2833 917 2882 prc
937 2817 1078 2877 venatione,
1095 2817 1133 2868 vel
1148 2816 1224 2866 aliurn
1241 2816 1331 2866 bostem

782 2899 829 2949 ribi
844 2898 903 2948 dari
915 2906 1053 2963 poscerent.

801 2978 837 3028 Et
852 2988 910 3028 vota
926 2979 1054 3042 virtusque
1069 2977 1095 3025 in
1111 2985 1207 3041 aperto.
1222 2977 1331 3026 Pulchra

783 3061 911 3110 Muretus:
930 3073 960 3106 en
975 3066 1033 3106 aare
1048 3057 1176 3119 virtusque
1192 3056 1218 3104 in
1234 3064 1331 3120 aperto.

784 3141 842 3191 niv.
861 3140 943 3190 VIII.
962 3146 985 3189 4.
1003 3137 1034 3188 Si
1051 3135 1147 3202 quanda
1164 3153 1270 3200 unquam
1278 3151 1331 3186 con·

784 3219 895 3270 sociandi
911 3219 1010 3286 imperii
1017 3257 1025 3281 ,
1042 3217 1202 3284 usurpandae
1210 3217 1332 3268 libertatis

785 3312 877 3369 tempus
893 3302 1016 3367 optastis;
1034 3315 1063 3349 en
1080 3299 1124 3348 boc
1141 3308 1234 3364 tempus
1247 3297 1331 3358 amat,

784 3391 809 3432 et
831 3383 924 3432 virtute
947 3389 1030 3431 vanu
1048 3387 1072 3428 et
1088 3377 1170 3428 Deum
1186 3378 1333 3442 benipnitate

784 3463 851 3512 uobis
881 3461 973 3511 datum.
998 3461 1091 3523 virgil.
1117 3459 1185 3510 Aen.
1211 3458 1248 3508 Χ.
1273 3461 1331 3508 279.

786 3541 859 3600 Quod
869 3543 933 3592 votis
949 3541 1069 3608 optastis,
1086 3539 1158 3590 adest
1170 3539 1333 3605 perfrinqere

785 3623 882 3674 dextra.
907 3621 941 3672 In
964 3622 1072 3673 menibus
1094 3620 1170 3671 Mare
1190 3623 1258 3687 ipse,
1274 3620 1331 3670 uiri.

785 3706 839 3755 Ubi
854 3707 1005 3766 notandum,
1021 3706 1089 3769 qnod
1104 3705 1131 3753 in
1149 3705 1199 3754 Ma.
1212 3703 1332 3767 reperitur

785 3787 812 3836 in
833 3787 942 3836 manibus
964 3784 1041 3836 Mers
1058 3803 1124 3848 eece,
1140 3786 1198 3836 viri.
1225 3786 1332 3836 Wexius

785 3872 855 3931 putat
881 3866 1026 3917 Acidalium
1049 3874 1116 3917 recte
1142 3868 1243 3916 Murato
1258 3879 1332 3928 oppo-

189 3942 306 3994 Charaet.
324 3940 394 3990 VII.
412 3938 507 3997 abiere
524 3941 562 4008 τῷ
581 3940 650 4008 λόγῳ
669 3943 741 3991 κατὰ
786 3949 877 4009 saissa,
903 3954 957 3998 tum
981 3948 1057 3997 rerba
1080 3947 1179 3995 veniunt
1203 3943 1333 3993 elatebris

189 4022 292 4089 κράτος
319 4020 472 4088 αἱροῦντες.
499 4021 542 4072 Sia
567 4023 682 4074 dicuntur
699 4025 740 4074 bu·
786 4027 838 4077 suis
854 4027 948 4078 extrusi
963 4043 1014 4078 non
1030 4029 1189 4086 antecedere,
1206 4025 1250 4076 sed
1264 4025 1333 4090 sequi

189 4106 247 4175 bere
272 4103 379 4168 inpentes
405 4103 504 4168 copias,
530 4105 574 4152 sed
589 4105 614 4154 in
630 4105 741 4171 epistolis
791 4110 910 4159 debuisse.

190 4185 247 4234 sim.
273 4182 382 4233 Wexius
407 4183 433 4232 in
459 4184 536 4232 verbo
562 4192 642 4236 tenere
662 4188 741 4252 dupli·
819 4185 902 4254 Atque
927 4188 1009 4238 eadem
1033 4188 1106 4238 vietis
1131 4186 1245 4238 adversa.
1272 4185 1333 4236 For·

189 4279 246 4314 cem
271 4264 480 4326 significationem
497 4267 621 4327 umescit:
641 4283 741 4332 ‘tneque
786 4276 851 4319 tasse
874 4271 976 4320 Tacitus
996 4271 1073 4319 verbo
1090 4277 1164 4333 atque
1179 4269 1232 4318 vim
1248 4268 1333 4317 adra·

190 4345 222 4396 iis
247 4346 429 4396 adnumerandi
453 4359 551 4405 murus,
576 4347 620 4410 qui
642 4349 741 4399 Britan·
787 4350 892 4400 sativam
916 4351 1014 4410 tribuit3
1040 4350 1149 4414 alioquin
1174 4349 1283 4400 dicarem
1298 4348 1333 4398 fs·

191 4426 262 4478 nium
292 4440 344 4480 non
370 4427 500 4492 adierunt,
525 4441 606 4493 nequa
631 4429 674 4494 iis,
699 4432 742 4496 qui
787 4431 859 4484 cilius
884 4445 936 4486 esse
961 4430 1005 4482 sed
1021 4429 1104 4483 eadem
1120 4429 1192 4483 uictis
1209 4428 1333 4489 adverse,
