3134 5310
244 535 287 595 50
678 543 831 590 canneru
856 545 968 592 sacru

152 719 154 724 '
242 715 308 780 dati
344 712 503 789 veterani,
540 713 686 776 incensae
722 712 883 790 coloniae,
921 715 1087 802 intercepti
1122 714 1293 789 erercitns;
1318 728 1392 782 tum

240 820 280 885 de
315 819 433 894 salute,
461 836 534 881 mor
558 816 598 881 de
619 818 749 881 victoria
776 830 945 884 certauere.
974 820 1062 905 Quae
1087 831 1201 884 cuncta
1225 821 1285 885 etsi
1311 843 1393 886 con·

241 924 309 990 silio
341 923 502 1010 ductuque
527 922 654 987 alterius
678 921 875 1010 agebantur,
901 946 936 988 ac
960 945 1082 988 summa
1106 946 1211 989 rerum
1236 937 1268 989 et
1292 947 1389 991 rccu-

238 1041 368 1119 perntae
393 1027 572 1119 provinciae
596 1027 695 1116 gloria
719 1029 751 1093 in
776 1027 890 1093 ducein
914 1030 1023 1103 cessit,
1051 1041 1149 1094 artem
1175 1041 1207 1095 et
1235 1051 1329 1095 usum
1354 1043 1389 1096 et

239 1239 333 1282 certare
357 1232 516 1294 cogebantur.
540 1227 633 1280 Omnia
649 1230 681 1277 ad
698 1229 788 1277 Roma-

239 1327 285 1362 nos
309 1313 442 1376 pertinent.
470 1311 554 1371 Quare
571 1310 704 1358 Britannia
721 1324 788 1356 errar-

239 1393 319 1444 citata
344 1398 393 1451 est,
415 1391 509 1454 agitata
525 1395 549 1440 at
565 1397 657 1439 vexata
673 1391 705 1438 ab
721 1391 787 1439 inco-

239 1475 270 1524 lis
293 1473 435 1529 Britannis,
460 1485 522 1535 quoe
539 1483 594 1532 epea
610 1469 731 1518 libertatis
748 1485 787 1518 ex-

239 1555 369 1604 citaverat.

273 1633 336 1683 Moa
352 1633 383 1683 dc
398 1633 504 1682 victoria
521 1640 654 1680 certavere.
663 1620 787 1691 Quamvis

239 1716 348 1766 conditio
380 1728 465 1764 rarum
489 1714 573 1776 paullo
594 1718 658 1762 esset
682 1713 786 1772 melior,

238 1813 296 1846 cum
318 1795 427 1845 Romani
444 1796 495 1844 iam
511 1808 563 1842 non
580 1795 686 1856 amplius
702 1795 733 1842 de
750 1808 786 1842 sa·

238 1879 290 1928 luta
307 1883 444 1934 cantarent,
461 1889 582 1938 magnum
598 1882 681 1924 tamen
694 1875 787 1937 pericu·

238 1955 788 2022 lumeratatignominia,siinprovinciaaua

239 2042 270 2090 ‹la
295 2041 412 2099 victoria,
438 2051 534 2101 semper
552 2038 640 2096 dubia,
658 2043 722 2086 assat
737 2050 788 2085 cer-

240 2123 352 2171 tandum.

275 2199 345 2256 Quae
365 2208 452 2248 cancta
469 2198 590 2248 etai—-in
607 2198 689 2247 dacem
706 2199 787 2247 cessit.

241 2283 301 2332 Nou
325 2281 453 2344 intelligo,
478 2293 596 2343 quorsum
617 2285 670 2328 tota
686 2279 730 2328 illa
746 2294 788 2328 ex·

241 2363 321 2426 captio
337 2361 467 2425 pertineat.
486 2360 607 2423 Agricola
622 2361 789 2419 eratiuvenis,

241 2446 287 2494 vix
303 2457 383 2494 annos
399 2442 490 2506 viginti
506 2447 592 2499 natus,
610 2441 723 2490 tribunus
736 2442 788 2506 qui·

242 2528 313 2586 dem,
330 2526 373 2574 sed
389 2523 432 2586 qui
448 2523 573 2571 inscitiam
585 2524 724 2572 tribunatus
732 2537 790 2572 cum

244 2607 299 2655 aliis
329 2604 525 2654 adolescentibus
549 2604 656 2654 habebat
680 2619 788 2653 commu·

244 2701 315 2746 nem;
340 2687 367 2734 in
385 2699 414 2734 aa
431 2689 529 2732 tantum
544 2685 706 2747 praeclarior,
723 2686 790 2749 quod

244 2769 314 2818 omni
338 2781 397 2816 cura
422 2772 447 2814 et
468 2765 549 2814 studio
565 2766 687 2824 discebat,
704 2771 732 2814 ut
748 2768 790 2815 fia-

244 2856 282 2900 rat
297 2850 398 2914 peritus.
434 2846 566 2907 Quomodo
585 2847 686 2900 Tacitus
702 2847 743 2898 hie
760 2848 791 2896 de

245 2947 275 2982 eo
300 2932 334 2980 aic
359 2929 480 2994 loquitur,
505 2934 534 2976 ut
558 2941 610 2991 cap.
633 2933 657 2977 8.
674 2928 791 2978 honorifi-

244 3014 340 3064 centius
364 3011 433 3076 loqui
457 3025 509 3059 non
533 3010 652 3073 potuerit,
675 3025 732 3058 cum
756 3016 791 3058 ta-

244 3108 302 3144 men
321 3093 441 3157 Agricola
456 3093 507 3141 iam
515 3106 609 3140 annum
618 3092 705 3140 aetatis
713 3106 792 3140 unum

245 3180 270 3222 et
294 3173 449 3234 trigesimum
478 3172 613 3233 attigisset,
644 3179 669 3220 et
698 3173 792 3234 legioni

245 3252 397 3316 praepositus
423 3252 503 3299 esset?
529 3252 583 3300 Nec
606 3252 655 3300 scia
673 3253 793 3301 irtacum

244 3340 326 3385 cetera
342 3331 454 3381 oratione
466 3337 624 3381 connectere:
636 3333 696 3380 uatsi
704 3339 793 3381 cuncta

245 3417 382 3481 agebantur
403 3414 478 3462 ductu
499 3413 612 3471 alterius,
644 3414 714 3477 eique
738 3414 792 3463 laus

244 3503 401 3561 recuperatae
433 3495 575 3558 provinciae
608 3495 728 3553 dabatur,
763 3509 792 3543 ea

245 3584 334 3626 cuncta
350 3583 428 3626 artam
445 3581 470 3624 at
485 3590 559 3625 usum
577 3581 601 3624 et
619 3574 733 3624 stimulos
751 3577 791 3624 ad·

245 3658 330 3706 didere
353 3655 464 3705 iuveni.''
500 3653 549 3703 Sed
575 3671 624 3719 qno
645 3656 734 3705 clarius
751 3672 792 3720 ap-

244 3743 342 3803 pareat,
358 3736 418 3800 quid
433 3735 522 3792 velim,
536 3735 635 3797 singula
650 3751 790 3800 persequar.

279 3816 349 3874 Quae
365 3824 459 3865 cancta.
478 3816 546 3879 Ergo
559 3823 583 3865 at
600 3817 682 3866 clades
691 3824 715 3866 et
723 3819 792 3880 igno·

244 3900 350 3960 miniaa,
380 3897 495 3946 trucidati
527 3898 651 3962 veterani,
677 3899 792 3948 incensae

244 3981 369 4039 coloniae,
386 3980 515 4042 intercepti
533 3980 668 4039 exercitus,
686 3982 791 4043 ageban-

244 4071 285 4114 tnr
313 4061 424 4111 consiliis
452 4061 576 4124 ductuque
600 4061 714 4120 alterius,
740 4077 791 4110 non

245 4144 393 4208 Agricolae,
418 4142 487 4190 cuius
512 4143 538 4191 in
563 4142 636 4190 rebus
653 4142 706 4190 istis
722 4143 792 4192 nulla

246 4231 308 4275 assat
333 4226 417 4288 eulpa,
434 4229 462 4272 nt
479 4222 549 4272 nulla
564 4223 618 4272 laus
634 4231 791 4289 recuperatae

246 4307 394 4370 provinciae.

286 4385 391 4436 Cerialia
420 4386 541 4451 ductuque
570 4386 682 4437 alterius.
714 4387 793 4448 Quasi

249 4467 369 4530 Agricola
394 4469 419 4516 in
446 4470 555 4519 exercitu
578 4469 663 4520 sitisset
680 4469 792 4531 legatus,

834 1230 873 1277 vel
899 1230 1012 1278 tribunus
1038 1228 1138 1291 aliquis,
1164 1237 1236 1279 vetus
1262 1234 1388 1291 militine,

834 1311 884 1358 auis
907 1311 1002 1359 meritis
1018 1309 1089 1372 quasi
1101 1311 1179 1360 altera
1195 1326 1314 1376 persona,
1331 1315 1388 1372 cui,

834 1389 854 1438 si
880 1405 931 1438 non
948 1391 1080 1448 maiorem,
1098 1399 1163 1440 certa
1179 1409 1230 1442 non
1248 1396 1386 1444 minimam

833 1476 942 1520 mutatae
967 1470 993 1518 in
1018 1471 1108 1520 melius
1133 1472 1247 1524 fortunae
1272 1481 1386 1538 partem,

833 1551 943 1614 adeoque
959 1556 984 1598 et
1000 1551 1093 1613 gloriae
1110 1555 1212 1602 concedi
1229 1561 1362 1618 oporteret.

867 1628 966 1680 Surnma
982 1647 1071 1680 rerum.
1089 1634 1128 1681 Ea
1144 1636 1273 1684 cordicitur
1287 1651 1386 1700 expar-

833 1713 898 1761 tibua
915 1713 1029 1762 amnium
1045 1727 1141 1773 rerum,
1159 1717 1221 1764 adeo
1238 1724 1267 1764 ut
1279 1725 1386 1767 cunctae

832 1807 909 1841 unam
935 1793 1048 1842 efficiant.
1084 1795 1123 1843 Eo
1148 1809 1235 1845 omnes
1260 1799 1385 1856 redeunt,

833 1874 860 1922 in
885 1888 915 1922 ea
939 1888 1037 1922 summa
1061 1876 1206 1938 praesertim
1228 1879 1386 1940 cogitantur,

833 1968 896 2018 quaa
912 1955 1058 2018 praecipuae
1075 1957 1102 2004 in
1119 1958 1206 2016 rebus,
1216 1971 1302 2006 rerum
1310 1968 1387 2022 caput

834 2042 904 2094 sunt,
931 2035 1012 2094 salua,
1037 2037 1098 2086 uita.
1126 2037 1183 2086 Liv.
1207 2037 1243 2087 X.
1269 2043 1308 2098 14,
1324 2035 1387 2087 Dia·

833 2117 922 2166 crt'men
940 2132 1048 2166 summac
1065 2133 1146 2165 reram
1159 2119 1252 2167 animos
1270 2121 1386 2183 augebat.

836 2199 916 2247 Tacit.
951 2198 1020 2246 Hist.
1051 2199 1089 2247 11.
1115 2204 1157 2248 81.
1198 2198 1331 2248 Consilium
1357 2201 1388 2249 de

835 2295 925 2327 summa
950 2293 1031 2326 reram
1053 2276 1147 2344 Beryti
1163 2279 1279 2328 habitum.
1316 2281 1388 2330 Hinc

835 2376 926 2408 samma
950 2375 1031 2408 reram
1055 2361 1203 2410 mansfertur
1223 2362 1256 2409 ad
1280 2369 1388 2425 potens

835 2447 899 2500 tem,
924 2456 988 2504 quae
1013 2456 1136 2490 summam
1161 2442 1276 2490 omnium
1300 2457 1387 2491 rernm

835 2521 861 2569 in
887 2535 914 2570 se
939 2522 1080 2585 coniungit,
1098 2537 1224 2571 summum
1242 2524 1385 2586 imperium.

837 2604 916 2652 Tacit.
935 2603 1003 2652 Hist.
1021 2604 1060 2652 ΙΙ.
1077 2609 1117 2652 33.
1135 2605 1166 2652 de
1185 2605 1299 2654 Tiberin:
1319 2600 1388 2653 Sum-

835 2698 888 2732 mae
913 2699 993 2731 reram
1010 2692 1033 2732 et
1049 2684 1148 2748 imperii
1163 2699 1190 2732 ac
1206 2685 1287 2748 ipsam
1308 2701 1388 2733 rerer·

836 2773 915 2813 voret.
941 2766 1010 2814 Vall.
1037 2765 1134 2814 Patere.
1161 2765 1199 2814 II.
1218 2770 1258 2816 68.
1282 2763 1315 2814 In
1331 2767 1388 2814 acic

837 2843 990 2895 Pharsalica
998 2844 1143 2909 Africaqae
1156 2844 1250 2894 Caesar
1258 2845 1389 2896 deaamma

837 2942 918 2976 reram
947 2925 1056 2975 dimicat.
1098 2927 1196 2976 Neutra
1219 2929 1387 2990 significatio,

838 3021 883 3057 nec
900 3007 990 3056 salatia
1006 3022 1052 3056 nec
1061 3007 1167 3072 imperii,
1182 3010 1320 3058 sententiae
1328 3023 1388 3058 con-

837 3090 914 3139 venit.
950 3087 1026 3138 Salar
1055 3089 1106 3138 iam
1130 3096 1167 3138 est
1192 3090 1218 3138 in
1235 3099 1389 3154 recuperato

837 3171 977 3235 provincia,
995 3171 1122 3235 imperium
1138 3171 1165 3219 in
1183 3170 1265 3220 ducta.
1296 3171 1387 3236 Neque

838 3253 990 3302 conveniunt
1006 3267 1096 3300 summa
1112 3267 1194 3300 rerum
1210 3253 1284 3300 cessit
1300 3253 1326 3301 in
1344 3252 1387 3302 du-

839 3348 895 3380 cem.
930 3333 1062 3395 iungenda
1085 3334 1162 3396 igitur
1187 3347 1276 3381 samma
1300 3332 1388 3396 gloria

838 3428 918 3460 rerum
935 3421 958 3461 et
975 3421 1138 3477 recuperatae
1151 3413 1303 3477 prouinciae.
1326 3414 1388 3463 Hoc

838 3495 927 3543 melius
945 3495 1212 3544 convenitcumverbo
1221 3495 1303 3544 cessit.
1317 3495 1387 3545 Nam

837 3589 929 3622 samma
944 3590 1026 3623 reram
1040 3575 1123 3639 gloria
1139 3574 1388 3626 indaeemcesaitval

837 3656 933 3719 ingene,
958 3656 1076 3715 mamma,
1099 3656 1241 3720 praecipua
1266 3663 1320 3715 cst,
1345 3658 1387 3706 vel

837 3738 1014 3800 cogitationem
1043 3737 1120 3786 habet
1148 3751 1255 3800 magnae
1278 3738 1386 3800 gloriae,

837 3819 877 3866 cui
901 3818 1017 3881 proxima
1041 3825 1079 3866 ast
1103 3832 1132 3867 ea
1156 3833 1220 3882 quaa
1236 3820 1263 3868 in
1280 3819 1387 3868 alterum

837 3899 922 3956 cessit,
947 3900 974 3947 in
998 3913 1068 3958 eum,
1085 3899 1125 3948 cui
1138 3906 1227 3948 cuncta
1243 3901 1291 3948 ista
1307 3907 1387 3950 artem

838 3987 862 4029 et
878 3995 952 4028 usum
969 3987 993 4029 et
1010 3981 1123 4029 stimulos
1140 3981 1296 4030 addiderunt.

875 4058 963 4111 Gloria
986 4061 1012 4110 in
1037 4060 1127 4109 decen.
1151 4064 1234 4111 Voces
1250 4063 1286 4110 sic
1303 4064 1388 4112 statim

837 4143 940 4192 iteratae
962 4158 1013 4191 non
1031 4157 1107 4191 suave
1124 4151 1222 4192 sonant.
1256 4144 1389 4194 Praecedit

838 4221 924 4282 ducta,
942 4223 1052 4287 sequitur
1066 4223 1156 4287 gloria.

871 4302 958 4353 Artem
975 4313 999 4352 et
1015 4321 1084 4354 naum
1100 4315 1125 4355 ct
1142 4305 1252 4356 stimulas
1266 4305 1389 4356 addidere

839 4386 926 4436 iuveni.
963 4386 1064 4450 Optime
1080 4387 1214 4437 cohaerent
1226 4401 1290 4449 qnae
1298 4398 1390 4438 cuncta

839 4476 916 4518 artem
942 4477 965 4516 et
991 4484 1058 4517 arian
1083 4478 1107 4518 et
1132 4467 1240 4518 atinraios
1266 4467 1389 4519 addidere
