3074 5310
234 534 296 596 tta

655 541 806 590 contult
831 543 936 590 ttulit

236 714 336 781 altero
370 714 542 780 amicorum
581 714 768 790 comitatus,
805 707 883 774 adeo
906 710 953 774 uti
975 711 1139 801 plerique,
1165 714 1281 803 quibus
1304 737 1376 782 ma-

237 841 314 914 gnos
349 820 430 886 viros
466 840 522 908 per
557 818 763 884 ambitionem
798 815 962 880 aestimare
996 839 1064 882 mos
1100 831 1168 897 est,
1199 821 1265 885 riso
1289 844 1378 912 aspe-

236 938 352 1015 ctoque
375 922 533 1014 Agricola,
558 935 747 1013 quaererent
768 923 906 1001 lamam,
929 921 1331 1014 paooiinterpretarentur.

235 1151 315 1202 edidit
338 1149 544 1216 tranquillitatem
559 1156 635 1212 atque
651 1149 726 1199 atium
739 1165 782 1214 pe-

235 1232 302 1282 rn'tua
317 1231 414 1292 bausit,
431 1233 506 1295 idque
522 1230 618 1279 dictum
633 1231 783 1290 volebat,ut

235 1313 302 1378 apud
318 1312 437 1361 Liviam:
456 1309 529 1360 auide
544 1325 634 1359 meram
648 1311 783 1360 libertatern

235 1393 347 1444 haurire.
372 1393 507 1443 Praeterea
522 1392 628 1452 iudicat,
645 1392 783 1442 aliudesse

234 1476 363 1535 virtum,
379 1472 784 1538 cires,saeoitiamauqere,qnod

234 1557 262 1606 in
286 1563 373 1606 noema
401 1561 522 1619 potestate
546 1555 622 1604 sitam
647 1560 696 1612 eat,
720 1553 785 1602 illud

235 1653 287 1687 non
305 1643 350 1687 est.
366 1635 473 1686 Diditeri
489 1636 582 1696 nolim,
595 1637 663 1700 quod
676 1635 702 1684 in
720 1635 783 1684 Mes.

234 1719 338 1784 legitur,
355 1718 507 1768 locutionem
523 1731 576 1768 esse
592 1717 731 1776 insolitam,
745 1729 784 1766 eo-

234 1814 284 1865 que
307 1800 388 1864 magia
412 1800 516 1860 mirera,
534 1813 592 1848 cum
609 1799 711 1848 Tacitus
727 1798 784 1847 seri·

235 1883 295 1932 bere
310 1881 446 1945 potuissets
460 1878 570 1930 Oeterum
578 1879 784 1939 militarenomen,

234 1977 311 2028 prave
327 1962 391 2012 inter
407 1962 510 2022 otiosos,
520 1961 580 2012 aliis
586 1961 720 2011 virtutibus
728 1968 784 2009 tem·

231 2043 350 2110 peracit,
376 2042 443 2092 cultu
466 2041 588 2104 modicus,
613 2056 720 2091 sermone
736 2042 784 2106 sa·

235 2125 305 2185 eilia,
330 2139 377 2172 ano
403 2133 449 2174 aut
470 2123 549 2173 altero
566 2123 698 2174 amicorum
714 2122 783 2171 comi·

236 2213 313 2254 tatus.
330 2205 403 2254 Haec
419 2211 478 2254 sunt
495 2205 604 2263 Latina,
614 2203 783 2268 etperspicua,

234 2287 411 2351 pertiueutqua
427 2287 460 2335 ad
476 2285 580 2345 otiosos,
596 2287 713 2345 urbanos,
730 2300 782 2334 non

234 2368 368 2428 militares,
393 2369 461 2418 cives
483 2368 557 2426 adeo,
582 2371 693 2429 togatos:
716 2373 783 2414 tran·

236 2449 350 2514 quillitas
374 2457 398 2499 et
414 2449 489 2500 otium
506 2448 642 2512 Agricolae
657 2447 782 2510 pertinent

234 2533 268 2582 ad
292 2531 474 2580 Domitianum.
502 2530 553 2591 Qui
577 2529 782 2593 tranquillitatem

233 2619 258 2663 et
283 2613 362 2662 otium
386 2612 509 2675 sequitur,
534 2610 600 2659 nihil
624 2612 728 2660 omnino
743 2613 782 2662 rei

232 2693 347 2757 publicae
361 2693 476 2754 attingit,
494 2698 537 2740 out
552 2698 636 2751 curat,
652 2707 734 2755 neque
747 2693 781 2741 fa·

232 2774 279 2822 ctis
300 2786 382 2836 neque
397 2773 488 2822 verbis.
507 2771 582 2832 Quod
597 2773 624 2820 in
641 2774 782 2823 coniectura

233 2852 322 2906 Wexii
338 2853 422 2902 minue
437 2853 501 2902 mihi
516 2852 609 2916 placet,
625 2851 673 2902 hoc
690 2860 739 2903 est:
753 2855 780 2903 in

233 2951 315 2986 nomen
342 2935 489 3000 temperavit
505 2933 565 2984 aliie
580 2935 714 2984 virtutibus
730 2950 780 2986 cer·

233 3016 302 3066 nitur
317 3016 463 3080 metaphora
479 3017 705 3080 sumptaapoculo,
714 3019 781 3080 quod

231 3099 293 3148 rino
301 3104 326 3148 et
333 3113 399 3162 aqua
405 3099 535 3162 miscebam
545 3098 608 3146 adde
613 3097 714 3162 penitus
722 3095 780 3148 bau·

233 3178 780 3240 titatium,metaphoraoontinuatur,sednon

231 3261 298 3306 recte
315 3257 483 3305 continuatur.
500 3258 626 3315 Poscitur,
644 3260 781 3322 credo,op-

229 3337 340 3403 positum
371 3337 489 3400 poculum
518 3337 607 3400 pacilo
631 3343 780 3402 temperato,

231 3419 250 3468 i.
267 3433 290 3468 e.
307 3432 400 3468 nomen
417 3418 579 3482 temperavit,
596 3419 676 3468 onum
683 3433 781 3470 merum

231 3500 332 3563 penitas
355 3500 446 3548 hausit.
488 3500 563 3549 Nunc
587 3506 663 3550 esset:
688 3515 780 3551 nomen

232 3579 394 3642 temperavit,
411 3581 491 3630 otium
506 3582 605 3644 penitus
623 3582 708 3631 ebibit.
741 3582 781 3632 Ne

233 3661 316 3709 dicam
339 3660 415 3709 otium
435 3661 536 3725 penitus
557 3662 657 3712 haurire
673 3664 781 3712 insolen-

232 3742 283 3791 tius
307 3742 403 3790 dictum
427 3741 506 3790 videri
530 3757 607 3805 quam
619 3743 721 3808 penitus
738 3759 780 3792 au-

230 3839 302 3887 qcre,
320 3837 378 3871 cum
394 3829 521 3886 praeterea
538 3825 681 3872 adiunctam
688 3824 780 3874 habeat

233 3901 454 3968 tranquillitatem,
479 3917 544 3967 quae
565 3919 624 3954 sane
641 3911 721 3967 potest
737 3921 780 3954 au·

229 3985 294 4052 peri,
302 3992 331 4034 ut
339 3993 459 4049 auqentur
467 3986 555 4045 vatus,
563 3986 628 4036 viras
638 3993 663 4034 et
668 3987 779 4036 saevitia.

268 4065 330 4117 Viso
346 4065 511 4130 adapertaque
528 4065 662 4131 Apriaola,
680 4083 780 4131 quaere-

230 4156 286 4198 rent
308 4149 423 4214 samam,
445 4147 524 4212 pauci
547 4147 778 4212 interpretarentur.

231 4229 300 4278 Illud
325 4217 471 4292 quaererent
486 4230 588 4294 samam
604 4229 667 4278 mihi
683 4245 780 4296 semper

229 4309 312 4359 visam
337 4317 374 4360 est
397 4311 526 4361 intellectu
550 4313 657 4362 difficile.
676 4310 780 4368 Quaeri·

229 4405 282 4438 mus
298 4389 392 4454 aliquid
412 4392 440 4441 in
455 4393 570 4453 homine,
587 4395 780 4458 re,loco,quod

231 4471 258 4520 in
274 4470 328 4521 istie
344 4472 379 4521 ita
396 4473 476 4524 inesse
494 4475 571 4536 solet,
588 4482 616 4523 ut
634 4475 688 4525 eine
702 4489 779 4525 ooco·

828 1150 902 1213 gitari
918 1165 970 1200 nan
986 1150 1098 1214 possint,
1115 1164 1197 1214 nequa
1214 1152 1315 1212 eadem,
1333 1155 1378 1204 sed

829 1233 879 1282 alia
902 1211 1042 1282 vincimur.
1076 1233 1178 1282 Nomen
1202 1239 1286 1283 antem
1299 1233 1378 1298 Agri·

829 1315 899 1364 colae
922 1327 1016 1376 magna
1039 1312 1106 1361 sama
1129 1327 1174 1376 per
1190 1319 1270 1363 totam
1284 1316 1376 1366 urbem

829 1401 882 1445 erat
903 1394 1133 1446 celebratissimum.
1151 1394 1285 1455 Quomodo
1301 1397 1379 1459 igitar

830 1476 993 1539 quaerebant,
1017 1477 1085 1538 quod
1105 1491 1157 1525 non
1173 1477 1379 1526 desiderabatur?

829 1557 945 1606 Fortasse
960 1557 1108 1619 legendnm:
1126 1555 1200 1617 adeo,
1209 1557 1248 1606 uti
1252 1557 1385 1622 plerique,

830 1637 917 1701 quibua
941 1652 1041 1703 maqnos
1065 1637 1133 1687 viros
1153 1651 1203 1702 per
1226 1639 1380 1688 ambitionem

830 1719 961 1768 aestimare
985 1734 1036 1768 mos
1060 1725 1110 1778 eat,
1130 1717 1183 1766 uiso
1199 1719 1380 1785 adapertaque,

829 1797 972 1864 Aqricolam
989 1806 1148 1863 quaererent,
1151 1800 1252 1864 samam
1256 1802 1338 1866 pauci
1345 1801 1381 1851 in·

830 1888 1037 1946 terpretarcntur.
1067 1880 1120 1941 Qui
1135 1895 1241 1944 magnas
1256 1883 1324 1932 viros
1341 1898 1381 1935 ae·

830 1963 930 2012 stimate
955 1963 1068 2012 solebant
1091 1975 1136 2026 per
1152 1962 1326 2024 ambitionem,
1345 1979 1381 2016 ex

830 2044 960 2109 splendido
984 2043 1066 2101 cultu,
1092 2044 1197 2106 superbo
1214 2049 1239 2092 et
1252 2047 1381 2108 arroganti

829 2139 958 2185 sermone,
975 2124 1067 2174 illustri
1082 2124 1214 2184 comitatu,
1230 2125 1381 2191 risoedspa

828 2215 917 2271 ctoqae
933 2207 981 2256 boc
996 2207 1065 2265 viro,
1082 2205 1211 2254 audientes
1226 2206 1282 2269 quis
1299 2213 1378 2268 esset,

828 2289 929 2338 credere
945 2294 987 2337 ant
1000 2287 1139 2350 intelligere
1146 2287 1193 2335 vix
1201 2293 1314 2349 poterant
1324 2302 1380 2338 esse

828 2369 974 2430 Agricolam
998 2369 1083 2427 illam,
1100 2367 1170 2416 cuias
1186 2381 1279 2416 nomen
1295 2374 1378 2418 tanto·

827 2462 885 2512 pere
917 2463 963 2512 par
986 2454 1065 2496 totam
1088 2449 1178 2497 urbem
1202 2449 1377 2498 celebraretur.

828 2530 881 2581 Sed
896 2531 940 2594 qui
956 2535 1091 2589 noverant,
1107 2531 1184 2592 probe
1199 2529 1377 2593 intelligebant

826 2613 919 2661 tamam
940 2617 965 2660 ct
981 2625 1093 2660 caussam
1109 2609 1198 2658 famae.
1217 2609 1377 2672 significatio

827 2693 961 2756 quaerendi
976 2691 1016 2741 his
1031 2693 1152 2755 exemplis
1168 2692 1318 2742 illustratur:
1333 2693 1375 2744 ci·

825 2789 882 2823 cero
899 2775 974 2824 Verr.
992 2773 1047 2822 111.
1066 2779 1104 2823 18.
1127 2771 1377 2839 CampuaLeontinaa

826 2855 863 2904 aie
886 2863 941 2904 erat
966 2854 1088 2919 deformis
1102 2862 1184 2917 ‘atque
1200 2853 1329 2915 torridus,
1346 2864 1375 2904 ut

825 2935 949 2986 uberrima
965 2933 1070 2986 Siciliae
1083 2943 1160 3000 parte
1177 2931 1292 2984 Siciliam
1300 2951 1375 3000 quae·

825 3033 902 3067 rerer.
921 3018 1072 3068 titulun.
1090 3033 1130 3068 111.
1148 3023 1188 3069 25.
1209 3017 1330 3086 Quisquis
1337 3021 1374 3070 in-

826 3109 985 3162 ornatumque
1023 3108 1100 3164 caput
1129 3101 1256 3166 crinesque
1280 3103 1375 3153 solutos

825 3179 988 3246 Adspiceret,
1011 3177 1107 3230 Phoebi
1132 3192 1263 3245 quaereret
1277 3185 1320 3236 ille
1336 3203 1375 3236 eo·

826 3277 895 3310 mam.
918 3261 1012 3328 'Florus
1036 3263 1059 3312 Ι.
1085 3261 1376 3332 16.Itaruinasipsna

826 3341 921 3389 urbium
945 3340 1034 3404 diruit,
1060 3351 1088 3392 ut
1113 3343 1184 3394 bodie
1206 3342 1329 3396 Samnium
1346 3349 1376 3398 in

826 3421 884 3485 ipsa
898 3417 997 3472 Samnio
1009 3425 1163 3488 requiratur.
1172 3427 1294 3491 Neposde
1303 3423 1374 3492 Age·

827 3501 888 3551 sileo
910 3508 933 3553 8.
956 3501 1031 3554 &rius
1041 3506 1141 3570 faciem
1157 3523 1229 3571 quum
1244 3507 1322 3573 iquoti
1338 3508 1375 3559 in·

827 3591 965 3645 tuerentur,
999 3589 1192 3646 contemnebant;
1226 3589 1270 3653 qui
1293 3598 1375 3640 autern

826 3663 930 3714 uirtutes
946 3675 1077 3728 noverant,
1094 3685 1141 3717 non
1153 3677 1272 3734 poterant
1297 3671 1374 3722 aduri-

826 3746 883 3795 rari
898 3747 969 3796 aetia.
988 3748 1040 3799 Hic
1056 3751 1191 3814 aliquando
1207 3751 1234 3800 in
1253 3751 1375 3817 Aegypto

825 3828 852 3876 in
877 3832 933 3876 acta
956 3842 1014 3878 cum
1038 3832 1169 3882 comitibus
1194 3835 1374 3885 accumbebat:

824 3907 914 3957 vestitu
931 3907 1017 3960 bumiii
1033 3919 1108 3976 atque
1124 3912 1242 3974 obsoleto,
1256 3923 1374 3965 uteorum

825 3996 927 4039 ornatus
951 4007 997 4040 non
1021 3993 1090 4044 moda
1106 3995 1133 4044 iu
1149 3995 1188 4045 bia
1204 4012 1284 4061 repent
1301 3998 1374 4048 nemi·

825 4085 875 4118 nem
896 4069 1063 4136 siqniricaret,
1080 4075 1125 4125 aed
1140 4076 1241 4127 bominis
1257 4095 1303 4127 non
1320 4080 1375 4128 bea·

825 4150 915 4200 tissimi
938 4154 1043 4218 speciem
1063 4159 1204 4222 praeberet.
1242 4158 1330 4209 Huius
1346 4159 1376 4210 de

825 4231 930 4282 advemu
949 4236 1027 4298 sama
1052 4253 1124 4300 quum
1148 4239 1185 4290 ad
1207 4241 1289 4306 reqioe
1312 4249 1376 4292 esset

823 4313 938 4378 perlata,
955 4315 1068 4368 celeriter
1083 4336 1184 4370 munera
1199 4321 1319 4387 cuiusque
1335 4338 1375 4388 pe·

826 4395 892 4444 neris
916 4405 972 4446 sunt
996 4399 1085 4450 allata.
1128 4401 1181 4454 Hie
1203 4406 1377 4468 quaerentibus

825 4474 969 4542 Aqeailaum
994 4481 1036 4532 vin
1057 4483 1126 4546 fides
1137 4487 1218 4549 sactu
1236 4495 1285 4549 est,
1304 4505 1375 4538 unum
