3130 5308
229 523 289 598 ¹02
668 533 823 580 coauaan
849 534 955 581 racrr1

222 701 480 796 desperantibus,
517 704 603 792 quia,
640 701 723 768 soliti
757 701 947 789 plerumque
970 701 1084 766 damus
1111 706 1235 769 aestatis
1258 703 1366 774 hiber-

220 813 269 876 nia
303 809 466 878 eventibus
500 829 643 897 pensare,
668 820 736 873 turn
769 818 885 872 aestate
909 818 1004 894 atque
1027 805 1133 873 hieme
1155 809 1242 874 iuxta
1265 811 1366 899 pelle·

219 916 347 982 bantur.
384 913 452 982 Neo
487 913 635 1002 Agricola
670 933 811 1000 unquam
843 932 901 999 per
924 911 1000 976 alios
1024 922 1110 1000 geete
1134 913 1243 979 aridus
1266 916 1365 983 inter·

220 1022 327 1110 oepit;
353 1042 408 1086 seu
440 1019 583 1086 centurio
607 1040 661 1085 seu
686 1017 883 1106 praefectus,
907 1017 1128 1106 incorruptum
1151 1017 1228 1085 fecti
1251 1033 1365 1088 testem

218 1124 368 1192 babebat.
417 1123 511 1214 Apud
545 1123 698 1212 quosdam
734 1121 876 1188 acerbior
910 1121 943 1186 iu
975 1122 1124 1188 conuiciis
1148 1124 1362 1206 narrabatur;

220 1242 256 1296 ut
279 1242 347 1297 erat
369 1231 467 1295 comis
489 1228 600 1307 bouis,
625 1230 669 1294 ita
693 1225 840 1294 adversus
864 1227 962 1294 malos
982 1227 1186 1294 iniucundus.
1212 1227 1364 1297 Ceterum

218 1381 321 1440 foreat,
339 1393 385 1443 pro
393 1391 463 1428 more
472 1378 660 1439 solito‚damua
669 1380 768 1429 aestatis
848 1375 929 1442 Apud
943 1375 1060 1440 quosdam
1076 1377 1190 1428 acerbior
1205 1378 1232 1427 in
1248 1377 1365 1428 conviciis

220 1461 333 1512 hibernis
349 1461 480 1510 eventibus
495 1466 644 1523 pensarent:
661 1460 693 1510 rie
710 1460 768 1510 irri-
815 1459 975 1507 canebatur.
1002 1458 1062 1507 Non
1087 1459 1222 1522 perspicio,
1238 1461 1366 1523 quomodo

219 1551 260 1592 tas
277 1540 378 1592 Certiae
395 1541 427 1589 ad
445 1539 542 1589 Lucan.
561 1541 611 1589 lV.
629 1543 671 1599 47,
686 1540 768 1590 Taciti
813 1539 875 1588 haec
900 1546 925 1588 et
949 1553 1013 1603 ques
1038 1553 1117 1603 usque
1142 1540 1174 1588 ad
1195 1541 1273 1589 finem
1289 1540 1365 1590 huius

218 1635 318 1688 quoque
333 1633 438 1670 memor.
813 1618 901 1683 capitis
916 1619 1047 1682 leguntur,
1063 1627 1131 1670 recte
1147 1633 1205 1669 curn
1217 1621 1366 1670 anteceden-

249 1699 307 1751 Nec
340 1699 463 1766 Aprieols
496 1715 602 1764 unquam
629 1715 679 1766 par
703 1701 768 1752 alios
814 1700 880 1750 tibus
896 1700 1011 1750 connecti
1027 1701 1131 1763 possint.
1148 1699 1366 1770 Positeiumadio

215 1790 288 1848 peste
309 1781 398 1832 auidus
415 1780 554 1846 intercepit.
572 1779 616 1830 Sic
631 1781 715 1832 hostes
731 1783 767 1832 hi·
814 1782 894 1845 oapite
913 1786 943 1830 ts
959 1781 988 1831 in
1004 1795 1075 1830 suem
1092 1781 1177 1830 sedam
1192 1781 1294 1831 reducta
1310 1795 1366 1834 esse

216 1866 294 1915 berno
319 1863 396 1914 etiem
417 1867 529 1926 tempore
544 1863 716 1912 vincebantur.
735 1864 768 1912 In
813 1867 892 1925 putee.
910 1862 950 1912 lbi
966 1869 1032 1912 certe
1049 1868 1102 1911 tam
1118 1867 1202 1925 eptam
1214 1863 1367 1914 aennnttsm

216 1945 327 1996 victoriis
351 1945 406 1994 istis
430 1959 476 1994 sus
496 1942 585 2008 cuique
602 1943 657 1992 leue
672 1950 768 1992 consta·
813 1941 919 2002 babent,
935 1955 1012 2007 quam
1027 1942 1070 1993 hic
1085 1943 1209 2007 ineptam:
1232 1941 1327 2008 Officiro
1341 1951 1367 1992 et

216 2029 267 2077 bat.
294 2025 415 2090 Agricola
440 2024 533 2073 nulline
548 2024 650 2074 laudem
666 2024 768 2074 interce·
814 2022 1068 2073 administrationibus
1085 2025 1173 2090 potina
1188 2041 1234 2074 non
1246 2034 1365 2090 peccetu-

215 2109 266 2172 pit,
291 2108 359 2156 mals
384 2111 438 2154 arte
458 2104 507 2155 eibi
527 2105 673 2154 vindicarit.
707 2107 769 2154 Erst
814 2118 856 2152 ros
868 2119 1039 2168 praeponere,
1057 2117 1129 2168 quens
1145 2104 1275 2166 demere,
1292 2121 1367 2170 quum

218 2188 325 2238 aliorum
351 2184 468 2234 laudator
492 2191 515 2232 et
542 2184 624 2244 testis,
650 2185 720 2234 utin
737 2187 768 2235 ei·
811 2192 964 2248 peccassent.
998 2182 1079 2250 Apud
1110 2185 1228 2249 puordcnr
1251 2187 1366 2238 aretur

220 2267 276 2316 mlii
300 2279 328 2315 re
344 2265 405 2314 dicit
422 2263 522 2313 Plinius
537 2263 565 2312 in
582 2264 709 2328 Panegyr.
730 2269 767 2314 itt.
814 2265 841 2314 in
857 2263 972 2316 comiciis
984 2267 1136 2316 munietur
1143 2287 1153 2323 ;
1171 2266 1295 2317 lenastius
1315 2283 1365 2332 pu·

220 2347 273 2398 Sed
294 2345 356 2411 qaid
373 2342 462 2394 auidus
477 2343 626 2408 temepttr
644 2345 703 2395 Hoc
720 2346 768 2395 Ire
816 2346 886 2395 tollat
899 2344 1039 2411 offendere,
1055 2361 1130 2410 wera
1145 2347 1235 2398 odisse.

220 2429 273 2480 tine
289 2428 414 2492 significat
430 2423 503 2475 avide
519 2424 768 2490 intercepit,cupirie,
855 2425 891 2476 Ut
912 2435 968 2478 arou
993 2428 1067 2476 erra
1091 2427 1230 2488 bonissr'tc
1243 2427 1364 2478 bdoersor

220 2508 365 2560 vehementi
381 2507 463 2556 studio
479 2507 618 2570 intercepit.
635 2506 770 2558 Adiectirs
815 2506 892 2556 melos
907 2506 1062 2558 iniucundus.
1078 2509 1215 2560 Rhenanus
1231 2511 1365 2575 erotpoml-

221 2591 316 2642 canties
331 2603 377 2653 pro
394 2587 518 2638 adverbiis
534 2593 669 2651 ponuntur.
687 2589 768 2648 Tum,
815 2589 854 2638 sit.
897 2589 932 2638 ut
960 2588 1009 2638 boc
1032 2590 1135 2650 melius,
1161 2592 1182 2640 ei
1205 2591 1283 2641 verbe
1306 2598 1367 2640 aaut

219 2673 307 2731 oredo,
332 2668 466 2733 intercepit
489 2669 635 2729 sufficiebat,
661 2681 769 2733 praesar-
816 2683 915 2729 eorum,
941 2671 1062 2734 aquibus
1079 2670 1200 2734 Agricols
1214 2671 1272 2720 telis
1286 2671 1367 2722 fuisse

219 2755 267 2804 tim
291 2765 349 2802 curn
365 2749 483 2812 negativo
499 2749 666 2799 coniunctam.
694 2749 770 2811 Quod
815 2752 969 2800 narrabatur.
1002 2751 1054 2802 Sed
1078 2758 1116 2802 ert
1140 2752 1219 2814 potius
1243 2752 1368 2802 iudicium

219 2836 428 2898 intepretentur,
461 2835 490 2878 ut
523 2830 657 2890 Erneetus,
681 2828 770 2879 avibs
817 2830 899 2880 Taciti
923 2831 956 2881 de
970 2845 1001 2881 eo
1017 2833 1085 2896 quod
1100 2834 1261 2893 nerrabotun
1276 2839 1307 2882 ut
1323 2847 1368 2897 ep

220 2917 333 2967 additum
357 2907 587 2977 nrmrsaorrpn,
608 2910 683 2975 idque
699 2924 770 2971 esee,
815 2920 884 2974 paret
908 2926 942 2962 ex
958 2927 996 2977 eq.
1013 2920 1119 2962 ceterum
1134 2928 1166 2962 err
1180 2912 1313 2962 iracundie
1329 2915 1366 2964 ni-

218 3013 267 3065 per
293 2995 438 3047 aviditatem
455 2992 538 3044 laudis
555 3001 580 3042 et
594 2991 705 3056 ebriae,
721 2993 770 3043 hoc
815 2991 852 3042 lu'l
874 3002 1015 3057 supererat.
1041 2995 1191 3058 Lugendum
1214 2997 1303 3046 credor
1322 3003 1365 3054 et,

219 3085 294 3145 puto,
311 3093 363 3128 non
380 3083 417 3127 eet
434 3076 564 3125 Latinum.
582 3074 615 3124 In
623 3088 674 3122 uno
684 3073 769 3124 Vatic.
815 3081 843 3120 ut
866 3081 922 3122 erat
939 3075 1012 3124 cornis
1028 3074 1107 3136 bortis,
1124 3075 1163 3125 ite
1179 3075 1299 3126 αάυοναιε
1315 3091 1366 3126 mu·

219 3161 312 3222 tegitur
335 3156 447 3216 ovidius,
468 3157 536 3221 quod
553 3156 586 3204 ad
601 3155 770 3205 coniecturam
818 3152 854 3202 lor
870 3153 1025 3204 iniucundus.
1043 3157 1366 3220 Hocquidemnarrubcnt‚

220 3239 301 3288 ducit:
319 3236 376 3285 Nec
392 3234 513 3300 Apricolc
529 3249 635 3296 unquam
647 3248 696 3298 per
704 3235 769 3284 alios
814 3234 943 3293 dicebant3
960 3236 1209 3296 at,fetsndumsnim
1217 3238 1366 3301 est,negarl

218 3326 291 3384 perta
314 3315 410 3366 invidie
433 3315 573 3380 intercepit.
596 3315 655 3364 Hoc
671 3321 769 3364 senten·
814 3329 867 3370 uon
891 3322 985 3378 potest,
1003 3317 1124 3381 Agricola
1139 3333 1192 3368 non
1208 3324 1262 3368 erat
1278 3319 1366 3370 iucun-

219 3400 269 3450 tiee
285 3397 451 3448 etIratinitsti
467 3397 593 3446 converrit.
611 3396 694 3446 Notae
710 3404 769 3446 saut
814 3397 860 3445 dus
885 3397 1003 3446 sdvusus
1026 3399 1120 3459 mdes,
1145 3406 1198 3448 tam
1214 3398 1367 3450 iniucundus

220 3476 768 3544 formulae,tnnretperedob,crre‚veneno,
814 3476 929 3538 fortasse,
946 3493 1022 3542 quam
1037 3480 1116 3530 comis
1132 3481 1212 3530 bonis.
1231 3479 1283 3530 Sari
1299 3479 1367 3530 nihil

220 3563 277 3612 sim.
295 3568 321 3610 et
333 3576 382 3626 per
398 3559 525 3619 imidienr,
542 3565 570 3608 ut
580 3559 660 3609 Tacit.
671 3557 767 3608 Annal.
814 3573 847 3608 ax
872 3559 1001 3610 iracundia.
1020 3562 1167 3611 remanebat
1183 3563 1210 3610 in
1226 3567 1312 3611 menta
1327 3573 1366 3611 re-

220 3644 260 3692 11.
278 3645 318 3690 26.
338 3639 490 3703 Quemquam
501 3639 570 3703 finpi
585 3653 768 3702 ce‚repueper
813 3641 929 3704 positum.
948 3641 1051 3692 Tacitus
1059 3642 1367 3706 agnoscit,cxcuaat,imo

218 3720 336 3773 invidiam
348 3729 426 3786 parto
442 3721 493 3770 ianr
509 3719 596 3770 decora
612 3719 725 3769 obstruit
733 3719 767 3768 in·
813 3721 965 3785 vituperium
979 3723 1278 3774 narrantiuminlsudam
1288 3723 1366 3787 Agri-

219 3803 350 3869 tellr'perat.
369 3801 489 3853 Wexiuar
509 3801 541 3850 ui.
558 3802 678 3851 assidue
688 3798 767 3849 ilrin-
813 3802 882 3854 colse
907 3803 1091 3866 interpretatur.
1122 3805 1173 3855 Per
1197 3813 1222 3854 et
1247 3805 1366 3868 incipitur

218 3886 329 3950 tercepit.
346 3880 500 3932 Aviditatem
516 3881 630 3944 intellige
646 3881 727 3931 laudis
743 3888 768 3932 et
813 3897 928 3933 creausus
951 3891 976 3934 et
992 3886 1148 3936 confirmatio
1163 3886 1201 3935 rei
1216 3886 1364 3936 anteceden-

217 3969 325 4032 glor-iae,
351 3959 440 4014 auidus
465 3963 577 4014 absolute
596 3960 766 4012 dictum.''1n
814 3964 846 4013 tie
870 3977 924 4027 esp.
945 3963 1366 4031 10.Eresrecsaciss.4t.1⁴1r

218 4049 290 4098 nullo
306 4047 423 4110 exemplo
439 4043 529 4094 avidus
545 4044 580 4093 sic
597 4044 710 4094 absolute
724 4057 767 4107 pe
813 4059 844 4092 ec
867 4045 979 4095 insecuto
1003 4054 1060 4096 sant
1085 4056 1202 4112 tempora.
1228 4046 1272 4096 ubi
1292 4045 1366 4109 plurs

217 4128 300 4190 nitur,
325 4134 355 4177 ut
379 4142 422 4175 nec
439 4141 545 4189 unquam
560 4123 649 4174 eoldus
665 4124 766 4174 interce·
812 4127 967 4190 interpretes.
985 4125 1104 4178 Cetei-um
1120 4128 1365 4190 inintelligentiam

215 4210 265 4275 pit.
291 4210 338 4258 ilat
362 4207 427 4257 farer
444 4208 575 4271 intercepit
590 4207 705 4272 quidem,
723 4206 768 4256 sed
812 4207 876 4256 illud
908 4206 1053 4258 iniucundus
1085 4209 1186 4274 egregie
1210 4208 1269 4258 facit
1294 4207 1364 4257 locate

218 4305 339 4353 nunquam
362 4287 443 4339 uoide.
470 4288 572 4339 Tacitus
593 4289 682 4338 eeltem
698 4289 766 4338 eddi·
813 4287 941 4339 Ciceronis
966 4289 1046 4353 Epist.
1072 4290 1104 4339 ad
1122 4289 1155 4349 Q.
1172 4288 1289 4338 Fratrem
1305 4288 1364 4338 1.1.

219 4370 295 4420 disset
318 4385 343 4419 r.
368 4385 390 4420 c.
415 4385 458 4419 nec
479 4385 597 4435 camna,
616 4368 683 4434 quod
697 4369 767 4420 multi
816 4374 853 4419 1³.
878 4371 922 4433 qui
944 4385 1042 4420 summo
1059 4385 1116 4422 cum
1133 4370 1237 4434 imperio
1254 4370 1281 4419 in
1300 4369 1366 4420 Asia

212 4453 342 4517 secarunt,
358 4450 446 4500 auidas
461 4451 598 4514 intercepit.
813 4457 877 4501 erat:
896 4448 940 4502 Str
956 4451 993 4500 cd
1007 4468 1051 4502 noe
1067 4468 1146 4502 omncs
1154 4453 1218 4516 sere
1234 4449 1364 4515 deserunt:
