3134 5310
241 499 282 559 eo
660 510 812 557 sennenn
836 510 942 558 rrcrrr

290 681 327 746 V.
353 682 457 746 Prima
482 693 654 745 castrorum
680 679 858 744 rudimenta
885 681 917 742 in
944 679 1103 743 Britannia
1125 677 1278 744 Suetonio
1301 680 1387 744 Pau-

241 787 326 861 lino,
360 785 505 874 diligenti
537 808 574 851 ac
605 784 768 850 moderato
788 785 883 856 duci,
907 783 1091 872 approbavit
1122 783 1260 860 electus,
1287 807 1388 872 quem

241 892 450 958 coutubernio
474 893 660 957 aestimaret.
685 889 753 956 Neo
777 889 922 978 Agricola
945 889 1195 964 licenter‚more
1207 889 1385 964 iuvenum,

242 1095 298 1145 darn
314 1111 381 1154 esse,
398 1094 443 1143 sed
454 1093 559 1158 paneis,
576 1094 787 1141 namomninonon
833 1100 981 1155 capesseret.
1012 1090 1137 1140 Doctores
1161 1091 1302 1154 supientiae
1318 1107 1389 1140 secu·

237 1178 353 1242 placere,
378 1177 427 1225 huc
448 1189 500 1224 non
516 1175 630 1236 pertinet.
650 1174 719 1238 Apta
735 1188 788 1222 esse
834 1180 874 1219 tus
896 1180 945 1229 est,
964 1173 1007 1234 qai
1023 1172 1077 1221 sola
1094 1172 1169 1230 bono,
1187 1189 1251 1236 qnae
1267 1173 1386 1233 honesta,

239 1255 788 1322 poteratantiquaecivitatiRomanaequnm,
834 1252 901 1300 nacla
918 1260 1023 1311 tanturn,
1040 1269 1104 1315 qaae
1122 1253 1386 1318 tarpia;'potentiom,

240 1347 268 1387 ut
290 1339 325 1387 ait
343 1337 444 1386 Laelius
461 1338 526 1399 apud
544 1335 703 1394 Ciceronem,
720 1351 788 1398 prae·
834 1331 997 1391 nobilitatem,
1023 1342 1154 1397 ceteraque
1175 1343 1248 1383 extra
1265 1336 1386 1396 animam,

240 1421 406 1469 clarissimum
434 1418 569 1481 sapientiae
593 1432 685 1465 munus
709 1418 789 1464 maxi-
834 1429 911 1476 neque
935 1414 1003 1462 bonis
1026 1431 1104 1478 neque
1124 1415 1197 1464 malis
1214 1425 1384 1465 ammentant.

240 1515 360 1564 mamque
384 1501 484 1546 vuinus
499 1499 539 1546 vel
556 1499 733 1546 documentum
747 1499 789 1546 rel

242 1582 350 1630 odicium
374 1581 519 1642 putabatur,
541 1593 582 1627 eas
599 1587 664 1628 artes
680 1581 788 1638 discere,

241 1675 305 1725 quae
321 1663 458 1718 efficerent,
474 1667 503 1708 ut
518 1663 575 1710 usui
588 1661 683 1709 civitati
692 1667 788 1717 essent;

239 1749 311 1793 vetus
336 1743 384 1790 istu
405 1742 491 1804 opinio
506 1743 633 1805 tyrannidi
649 1743 789 1805 principum

241 1839 292 1872 non
316 1830 367 1872 erat
384 1829 449 1886 apta.
483 1819 589 1881 Acrius,
607 1839 679 1885 quarn
696 1838 788 1870 conces·

240 1920 293 1952 sum
309 1902 421 1952 Romano
437 1919 469 1951 ac
486 1900 619 1952 Senator-i!
646 1902 724 1963 Quasi
740 1918 788 1951 ser·

240 2001 283 2034 mo
308 1993 372 2034 esset
396 1987 427 2034 de
452 1984 570 2034 Gracchis
592 1992 617 2032 et
632 1991 789 2047 praeceptore

241 2067 418 2128 Philosophiae
435 2066 534 2114 Stoicae
551 2067 651 2114 Blossio
665 2065 787 2114 mmano.

242 2146 348 2196 Gracchi
364 2161 462 2208 quoque
477 2147 586 2194 habuere
603 2146 712 2194 studium
723 2159 787 2192 acer-

240 2228 346 2285 rimum,
378 2232 402 2273 et
426 2233 507 2273 mater
532 2225 650 2273 Cornelia
674 2227 788 2274 ardentes

240 2308 349 2356 filiorum
374 2307 471 2354 animos
495 2306 576 2368 magis
600 2306 675 2353 etiam
692 2306 787 2354 inflam-

241 2403 322 2437 masse
345 2389 457 2445 videtur,
481 2394 509 2434 ut
526 2387 611 2434 omnia
627 2387 744 2449 pulchrae
760 2388 788 2436 li·

242 2470 332 2520 bertati
356 2469 535 2532 impenderent.
554 2467 620 2516 Iulia
637 2469 746 2516 Procilla
761 2469 788 2515 ti·

242 2553 305 2600 lium
329 2553 459 2607 coercens,
484 2549 629 2611 prudentius
654 2549 720 2598 tecit.
755 2551 789 2598 Et

243 2647 319 2696 quam
343 2633 442 2680 diversa
462 2630 549 2677 civitas
570 2637 650 2678 aetate
667 2629 788 2679 Graccho·

242 2727 313 2772 rum,
331 2714 362 2760 ab
371 2725 471 2775 ea,qua
480 2711 600 2773 Agricola
607 2711 790 2775 philosophiam

243 2796 366 2851 discebat,
391 2799 416 2841 et
442 2791 562 2840 Claudius
587 2799 611 2840 et
628 2792 697 2840 Nero
713 2793 789 2854 impc-

242 2877 343 2925 rabant!
371 2873 473 2934 Quanta
497 2879 580 2920 tamen
605 2873 644 2921 vis
665 2873 692 2920 in
708 2873 790 2922 verbis

243 2953 355 3004 Romano
380 2969 411 3002 ac
436 2950 570 3001 Senatorii
597 2953 664 3002 Aere
681 2955 790 3002 studium

243 3037 429 3100 philosophiae,
439 3036 506 3093 dicit,
516 3035 618 3084 concedi
626 3042 706 3098 potest
716 3035 790 3085 Grae·

243 3117 306 3166 culis
321 3118 455 3178 magistris,
471 3117 512 3164 vel
528 3117 625 3165 homini
635 3117 790 3167 Romanoex

243 3199 328 3260 plebe,
351 3198 395 3259 qui
416 3197 468 3258 ipsa
490 3196 624 3259 aliquando
643 3199 697 3247 fieri
713 3199 791 3260 magi-

243 3283 306 3335 ster,
332 3283 356 3324 et
377 3277 445 3324 hunc
461 3283 592 3340 quaestum
607 3277 699 3326 hahere
714 3279 789 3341 cupit.

243 3357 303 3406 Hoc
327 3358 380 3405 veri
404 3357 514 3406 nominis
539 3357 654 3408 Romano
679 3360 730 3408 iam
754 3361 790 3407 in-

242 3440 361 3502 dignum,
383 3440 444 3502 quid
461 3438 590 3488 Senatorii
609 3439 661 3500 Qui
678 3441 713 3488 sic
728 3441 791 3488 iudi-

243 3521 397 3578 cat‚multos
413 3520 554 3580 Romanos,
572 3522 639 3569 etin
657 3521 696 3570 his
714 3520 791 3570 Sena-

243 3608 322 3658 tores,
341 3599 476 3660 Senecam,
494 3601 648 3650 Cremutium
666 3601 790 3662 Cordum,

244 3681 343 3730 Prisoos
368 3667 524 3740 Helvidius,
539 3681 698 3730 Herennium
715 3681 790 3732 Sene

242 3763 355 3821 cionem,
386 3760 528 3811 Aruleuum
553 3757 715 3821 Rusticum(
723 3765 790 3812 Iuni-

243 3858 288 3892 um
305 3843 462 3902 Mauricum,
478 3843 519 3892 vel
535 3843 648 3892 disertim
663 3845 704 3892 vet
718 3845 791 3892 tacite

242 3927 344 3980 laudare
360 3940 411 3973 non
428 3923 520 3986 potuit,
538 3931 566 3972 ut
579 3925 604 3973 in
616 3925 758 3974 Annalibus
767 3932 791 3973 et

836 1493 1000 1548 Quaestorius
1023 1495 1115 1554 Mino,
1133 1513 1150 1544 a
1167 1494 1250 1544 Paeto
1270 1494 1387 1546 Thrasea

833 1591 908 1639 qener
928 1575 1049 1636 delectus,
1071 1593 1084 1624 e
1104 1578 1211 1626 moribus
1226 1579 1308 1626 soceri
1322 1578 1388 1627 nihil

835 1672 912 1719 aeque
937 1673 968 1704 ac
985 1657 1122 1706 libertatern
1138 1657 1222 1706 houset
1227 1680 1238 1713 ;
1256 1659 1331 1718 eicis,
1349 1673 1386 1707 se·

835 1746 919 1797 nator,
944 1738 1063 1796 moritus,
1086 1754 1173 1802 parrer,
1197 1739 1303 1798 arnicas,
1329 1755 1386 1787 can·

835 1817 883 1866 ctis
897 1819 965 1866 uitae
981 1818 1070 1882 officiis
1086 1820 1233 1883 aequabilis,
1250 1835 1385 1884 apameen-

835 1908 951 1963 temptor,
976 1901 1040 1948 recti
1057 1902 1192 1964 perm'car,
1210 1910 1325 1950 constans
1342 1902 1387 1952 ad·

833 1995 919 2028 versas
942 1987 1027 2028 metas.
1054 1982 1152 2040 Huius,
1177 1989 1252 2046 puto,
1276 1983 1386 2033 Romani

835 2075 863 2108 ac
895 2060 1023 2110 Senatoris
1051 2077 1101 2111 uon
1133 2064 1188 2112 leve
1213 2065 1385 2128 philosophiae

834 2143 943 2190 studium
956 2143 1011 2190 fuit.
1020 2144 1126 2192 Interim
1133 2146 1385 2210 quaerendum,quid

834 2233 934 2272 senator
950 2225 975 2272 b.
993 2226 1010 2272 l.
1028 2225 1159 2287 significet.
1177 2225 1314 2274 Neminem
1331 2229 1384 2276 ridi

834 2306 1053 2368 interpretantem,
1079 2307 1128 2354 nisi
1145 2307 1306 2355 Dronkium:
1326 2307 1384 2356 ἰθε-

834 2387 930 2444 natori,
954 2387 970 2434 i.
989 2401 1010 2435 e.
1028 2387 1126 2445 futuro,
1143 2388 1184 2434 vel
1200 2388 1296 2450 potius,
1314 2390 1385 2439 cuius

833 2474 903 2530 pater
928 2467 975 2515 fnit
1000 2481 1033 2515 ex
1049 2467 1137 2515 ordine
1155 2467 1314 2518 Senatorio.”
1333 2470 1385 2520 Sed

834 2563 915 2612 neque
931 2556 1026 2606 mater,
1043 2563 1125 2611 neque
1143 2549 1264 2611 Agricola
1280 2552 1384 2611 sciebat,

834 2646 867 2678 an
882 2645 994 2692 unquam
1009 2629 1107 2676 futurus
1121 2637 1184 2678 esset
1194 2627 1308 2680 Senator.
1327 2634 1386 2681 Hoc

835 2711 927 2772 sperari
953 2716 1045 2772 potest,
1071 2711 1107 2758 sic
1128 2727 1180 2759 non
1197 2713 1250 2760 sine
1266 2713 1386 2762 iactantia

834 2793 942 2854 quadam
966 2793 1062 2840 narrari
1078 2798 1166 2854 potest.
1192 2793 1226 2841 Et
1241 2795 1286 2842 ubi
1301 2796 1385 2845 simile

835 2873 991 2934 exemplum,
1018 2870 1136 2921 Senatori
1159 2889 1204 2937 pro
1225 2875 1320 2938 saturo
1339 2873 1384 2924 Se·

835 2953 930 3011 nutari,
957 2954 1005 3001 uisi
1027 2954 1144 3012 fortasse,
1161 2957 1204 3018 qui
1220 2957 1272 3004 iam
1288 2963 1353 3004 esset
1370 2972 1386 3006 a

835 3035 946 3098 principe
961 3035 1111 3094 destinatus,
1128 3037 1196 3098 quod
1211 3038 1317 3085 certede
1326 3039 1385 3086 ado-

835 3116 943 3164 lescente
966 3117 992 3164 in
1009 3117 1090 3178 prima
1105 3115 1207 3163 iuventa
1223 3131 1274 3164 non
1292 3118 1385 3168 dicere·

835 3203 883 3245 tur.
909 3195 1015 3245 Senator
1039 3203 1123 3244 autem
1139 3197 1245 3259 uliquis,
1261 3206 1330 3260 patre
1348 3215 1387 3248 se-

835 3279 933 3325 natorio
946 3285 1032 3336 natus,
1041 3292 1164 3340 nusquam
1173 3279 1315 3340 appellatur.
1334 3281 1386 3329 La·

836 3359 917 3406 tinum
939 3365 976 3406 est
992 3373 1066 3421 eques
1082 3365 1168 3416 natas,
1185 3365 1280 3420 patrem
1296 3360 1386 3410 habuit

836 3439 952 3500 equitem,
977 3455 1029 3487 nou
1054 3447 1153 3486 senator
1175 3448 1263 3499 naurs,
1280 3455 1327 3489 nee
1342 3451 1386 3503 pa-

836 3526 900 3568 trem
915 3521 1003 3568 hahuit
1018 3528 1161 3578 senatorem,
1183 3521 1233 3569 nisi
1246 3521 1267 3568 is
1280 3536 1388 3572 munere

837 3602 960 3650 senatorio
973 3601 1098 3663 fungatur.

876 3679 1034 3729 Contubernio
1067 3682 1218 3730 decantaret.
1262 3683 1387 3734 Paulinus

838 3762 996 3824 Agricolam,
1027 3762 1070 3824 qui
1094 3762 1145 3812 iam
1169 3765 1318 3813 documenta
1343 3768 1386 3815 de·

837 3843 925 3900 disset,
951 3843 1031 3904 qualis
1056 3850 1133 3902 esset,
1156 3845 1222 3907 ipse,
1239 3861 1291 3893 nou
1307 3849 1387 3908 preci-

837 3923 883 3970 hus
908 3928 951 3970 ent
975 3924 1189 3973 commendatione
1212 3926 1333 3985 aliomm,
1357 3929 1385 3976 in

244 4006 363 4054 Historiis
380 4005 446 4055 feeit.
465 4005 555 4053 Testor
571 4021 595 4055 v.
612 4006 792 4055 c.Helvidium
836 4005 1027 4052 contubernium
1048 4006 1149 4067 accepit.
1176 4007 1239 4054 Tale
1255 4009 1387 4058 contuber-

244 4088 374 4146 Priscum‚
399 4086 533 4144 maiorem,
559 4087 602 4150 qai
626 4087 747 4151 inpaciens
763 4087 791 4136 a·
837 4085 908 4132 nium
933 4092 985 4132 erat
1004 4085 1137 4145 iudicium,
1160 4089 1247 4149 quanti
1270 4102 1328 4138 eum
1345 4104 1385 4139 ae·

243 4169 321 4218 lustra
347 4167 477 4217 altioribus
494 4166 585 4216 stadiis
601 4167 694 4216 incenis
711 4167 791 4216 admo·
837 4167 955 4214 stimaret.
981 4166 1070 4230 Neque
1096 4169 1217 4230 Agricola
1233 4184 1302 4232 spem
1319 4172 1385 4220 Pau·

244 4249 300 4297 dnm
316 4247 398 4297 dedit.-
415 4265 469 4308 nen,
486 4257 514 4297 nt
527 4248 690 4313 plerique,nt
700 4251 791 4300 nornine
836 4247 883 4294 lini
899 4245 995 4296 fefellit.
1012 4248 1130 4296 Militiam
1149 4251 1230 4310 enirn,
1247 4266 1293 4300 nec
1309 4252 1385 4302 licen-

243 4329 374 4394 nraqnijico
390 4345 462 4393 sapae
478 4330 553 4378 otium
568 4329 675 4389 oeluret,
692 4330 791 4395 sedqao
836 4334 888 4386 ter,
905 4343 974 4376 more
990 4329 1122 4388 iuvenum,
1139 4345 1221 4394 neque
1236 4335 1386 4396 segniterad

237 4409 346 4476 firmior
362 4408 481 4458 adverm
491 4411 607 4474 fortuita
619 4411 791 4475 rempublicam
836 4409 975 4472 voluptates
1000 4417 1024 4458 et
1048 4418 1200 4462 commeatm
1225 4413 1325 4464 titulum
1342 4415 1386 4464 tri-
