3130 5308
688 539 858 588 laureata.
1293 533 1334 594 95

188 729 259 783 stes
282 713 430 788 aduenit,
455 723 619 777 contracto
649 712 790 778 exercitu
812 711 952 776 multum
976 711 1010 775 in
1033 713 1180 800 agmine,
1206 713 1336 786 laudare

183 920 283 972 matis
299 917 354 968 fieri
369 921 463 982 mun,
480 920 509 966 ut
524 914 741 976 marcomanni
786 919 851 964 esset
875 914 957 966 otium
980 913 1135 980 disciplinae.
1162 913 1271 968 Multum
1299 927 1337 968 eat

186 1001 268 1052 nimis
283 1003 398 1064 potentes
415 997 505 1056 iactos,
523 995 741 1062 atqueadeocoer·
787 993 813 1043 r'n
829 995 936 1058 aymine,
959 1001 988 1045 ut
1004 997 1032 1046 in
1048 995 1161 1048 formulis
1177 995 1276 1049 multum
1300 1008 1338 1050 est

187 1095 249 1132 cere
272 1095 326 1131 non
350 1077 446 1136 valeat,
470 1077 527 1136 vel,
553 1089 666 1125 meruere
687 1089 739 1124 non
787 1073 997 1137 mammutium
1005 1077 1077 1126 rebus
1083 1077 1196 1143 perendie
1210 1077 1336 1144 interfuit.

190 1164 293 1222 audeat,
309 1161 371 1227 quia
384 1174 411 1209 v.
427 1173 450 1208 c.
465 1171 545 1221 rapax
553 1157 741 1220 legatus,prao·
788 1157 820 1205 In
836 1156 877 1205 his
893 1155 993 1206 multum
1009 1173 1061 1207 non
1070 1159 1154 1209 differt
1162 1161 1297 1210 admodum
1306 1161 1337 1211 ab

189 1243 251 1294 dam
274 1253 332 1291 cnm
352 1246 511 1305 procuratore
527 1237 657 1297 dividens,
674 1235 742 1286 lrunc
788 1251 872 1301 saepe.
879 1233 931 1287 Sed
939 1237 1029 1288 multus
1037 1240 1063 1289 in
1071 1241 1166 1304 apmine
1174 1243 1255 1306 magis
1264 1242 1337 1292 reler-

187 1323 285 1375 inritus
302 1319 406 1380 tolerat,
422 1321 482 1385 quia
499 1319 566 1370 solus
581 1318 688 1382 praedae
705 1319 741 1366 in·
782 1317 1338 1386 mradanimum.QuoanimoessctAgricola,

188 1405 259 1464 hiat,
275 1415 323 1452 uec
338 1401 491 1466 procuratori
501 1415 560 1460 suo,
573 1399 670 1449 aridius
687 1413 741 1464 pro·
787 1399 1012 1450 declaratnrverbis
1018 1399 1123 1451 laudare
1130 1402 1281 1464 modestiam,
1289 1401 1338 1453 dir·

186 1485 301 1534 vinciam
317 1483 447 1547 spolianti,
464 1481 584 1531 obsistere
599 1482 684 1544 possit.
699 1482 762 1530 In··
787 1479 863 1529 iectos
887 1497 1012 1543 coercere,
1038 1481 1093 1532 loca
1118 1484 1211 1534 castris
1228 1501 1336 1551 capere,

186 1567 290 1616 tendum
313 1575 412 1629 qnoque
435 1563 532 1626 legatus
548 1559 641 1610 tolerat
655 1575 742 1625 procu·
783 1571 946 1627 praetentare
975 1563 1118 1624 aestuaria,
1136 1564 1216 1614 hostes
1234 1575 1336 1616 terrere.

188 1649 313 1706 ratonem,
338 1651 367 1693 ut
391 1643 533 1693 verosimile
558 1645 595 1692 est
612 1641 742 1692 Titianum
788 1641 860 1692 Talis
882 1643 1005 1694 industria
1021 1651 1046 1693 et
1063 1641 1189 1695 assiduum
1203 1648 1272 1696 ducis
1289 1655 1337 1697 stu·

188 1725 366 1790 proconsulem
382 1723 527 1774 toleraviese
541 1723 701 1786 Agricolam,
710 1725 742 1773 de
788 1721 858 1771 dium
873 1735 947 1786 saepe
963 1725 1085 1774 adiectivo
1101 1726 1337 1788 multusiudicatur,

190 1823 243 1873 quo
258 1805 341 1857 'I'acit
356 1821 412 1870 cap.
422 1811 446 1856 s.
457 1801 518 1856 Sors
528 1813 677 1869 quaesturae
682 1821 741 1869 pro·
787 1809 813 1851 et
837 1802 908 1867 quasi
931 1803 1084 1864 intenditur,
1110 1821 1262 1872 quamquam
1278 1810 1338 1858 satis

163 1885 296 1938 'vindam
312 1883 410 1947 Asiam,
424 1885 595 1952 proconsulem
616 1881 742 1934 Titianum
785 1897 831 1947 per
855 1898 882 1933 se
905 1884 959 1948 ipsa
975 1885 1183 1950 intelligerentur.
1202 1887 1337 1938 Sallustius

190 1965 275 2026 dadin·
302 1983 404 2032 quorum
427 1975 512 2017 neutro
538 1973 671 2031 corruptus
692 1975 741 2024 est,
788 1965 1287 2028 B.Iugurt.45.locoeimillimoomisit;
1303 1969 1338 2018 lo

190 2063 338 2114 quamquam
360 2057 384 2098 et
398 2047 529 2114 provincia
546 2045 627 2108 dives,
645 2055 669 2096 et
682 2063 742 2112 pro·
787 2046 871 2110 quitur
897 2047 929 2098 de
954 2047 1073 2109 Metello,
1090 2049 1161 2098 cuins
1177 2049 1337 2114 exemplum,

189 2130 275 2180 consul
298 2130 325 2180 in
349 2146 438 2179 omnem
463 2128 608 2180 auiditatem
629 2143 740 2193 pronus,
787 2126 876 2177 sinon
894 2127 1027 2193 Agricola,
1043 2137 1070 2179 at
1087 2129 1191 2181 Tacitus
1207 2137 1266 2181 ente
1282 2145 1338 2180 ocu-

189 2209 344 2274 pnantalitet
354 2209 491 2276 facilitate
499 2207 670 2275 redempturus
678 2216 742 2257 esset
786 2209 825 2258 los
849 2208 965 2260 habuisse
988 2209 1101 2260 ridetur:
1127 2219 1259 2277 postquam
1284 2213 1338 2263 Me·

180 2299 297 2342 mutuam
322 2291 539 2342 dissimulationem
561 2289 628 2340 mali.
646 2289 741 2340 eonor·
787 2289 861 2340 tellus
878 2289 1023 2342 adiumenta
1038 2291 1154 2357 ignaviae
1171 2295 1339 2344 edictosuetu·

188 2373 297 2423 mundae
328 2371 530 2437 interpretationi
560 2385 684 2436 apponam
709 2385 742 2421 ex
786 2371 862 2432 luat,
895 2373 984 2422 ceteris
1017 2379 1069 2423 arte
1103 2375 1206 2423 modum
1238 2374 1337 2424 statuit:

190 2451 280 2518 Agna
297 2465 351 2517 cap.
370 2457 410 2502 15.
434 2449 742 2518 Utpraviora‚tcmquam
784 2461 919 2517 praeterea
944 2453 1244 2504 transuersisitineribus
1261 2455 1339 2518 quoti·

190 2549 222 2584 ex
241 2533 324 2600 sacili
339 2531 512 2595 lustrantibus,
526 2533 684 2599 imperentur.
693 2531 741 2582 Re·
788 2532 828 2582 die
854 2542 940 2584 castra
963 2549 1068 2595 mouere,
1094 2535 1179 2597 iuxta,
1203 2551 1234 2586 oc
1258 2537 1282 2587 si
1298 2535 1338 2586 Ιιο-

189 2615 279 2666 sitim
301 2619 430 2680 poterant,
453 2621 479 2665 et
495 2615 626 2665 debebant.
644 2613 740 2663 Annal.
787 2621 838 2663 stes
853 2613 981 2677 adessent,
996 2615 1062 2666 vallo
1070 2624 1145 2681 atque
1148 2617 1228 2682 sessa
1236 2617 1337 2678 munire,

188 2695 241 2746 vl.
267 2699 308 2745 ot.
330 2693 444 2745 literius
458 2694 640 2760 impudicitiam
656 2693 742 2744 uxoris
783 2695 887 2760 'cipilias
912 2697 1013 2746 crebras
1034 2713 1141 2764 ponere,
1164 2707 1188 2748 et
1213 2697 1268 2764 ipse
1285 2715 1337 2748 cum

190 2775 300 2825 tolerans
329 2775 370 2825 oei
394 2773 527 2826 declinans.
558 2775 627 2826 H'rst.
650 2777 673 2827 I.
700 2780 740 2826 49.
788 2776 876 2842 lupatis
901 2777 1041 2840 circumire,
1067 2779 1123 2830 item
1141 2778 1166 2828 in
1191 2780 1287 2844 apmine
1313 2779 1339 2829 in

190 2856 333 2907 Amicorum
350 2857 553 2922 libertorumque,
571 2858 613 2907 uti
627 2857 654 2907 in
671 2857 742 2907 bonos
784 2859 875 2924 primis
891 2859 973 2920 modo,
991 2857 1059 2909 modo
1075 2860 1339 2926 inpostremis,saepe

189 2937 331 3000 incidisset,
357 2939 408 2989 sine
428 2938 614 3004 reprehensione
627 2938 740 3004 patiens,
787 2938 813 2988 in
837 2937 914 2987 medio
940 2939 1041 3002 adesse,
1067 2956 1096 2989 ne
1113 2939 1237 3004 quispiam
1253 2939 1340 2988 ordino

190 3019 213 3070 si
237 3019 299 3070 mali
318 3019 421 3084 forent,
447 3035 525 3084 usque
542 3019 578 3068 ad
593 3018 690 3084 culpam
706 3017 741 3082 ip·
787 3015 958 3084 egrederetur,
982 3018 1021 3068 uti
1044 3035 1097 3068 cum
1121 3019 1198 3083 sipnis
1216 3021 1339 3084 frequen-

189 3115 278 3150 rtarua.
302 3101 344 3150 Ita
368 3100 466 3152 Histor.
484 3103 507 3151 1.
526 3107 566 3151 ut.
583 3106 657 3148 vocat
673 3113 742 3164 prae·
788 3107 825 3148 tes
849 3096 1000 3160 incederent,
1025 3099 1095 3149 miles
1120 3099 1196 3149 cibum
1221 3109 1246 3150 et
1268 3117 1339 3152 anno

190 3181 287 3232 lactum
311 3178 446 3244 amarciem,
471 3195 547 3248 quem
571 3188 631 3231 nota
649 3179 743 3244 pariter
785 3187 910 3246 portaret.
927 3181 968 3231 Ibi
983 3188 1051 3232 recte
1067 3182 1126 3231 addi
1141 3182 1262 3246 potuisset
1278 3183 1337 3235 mul·

190 3259 742 3330 amueoocultalassesantffltoCassmxlv
789 3269 829 3310 rus
844 3261 869 3311 in
885 3261 996 3326 apmine,
1013 3279 1066 3313 non
1083 3265 1141 3314 eddi
1154 3267 1274 3328 potuisset
1281 3266 1340 3317 rnul-

193 3349 218 3394 2.
233 3345 268 3394 de
284 3341 378 3395 Gathar
397 3343 481 3392 ainai
493 3342 542 3400 ἔξω
551 3344 602 3393 aori
613 3340 742 3392 enarratu
789 3351 850 3402 tum,
867 3345 927 3407 quia
941 3345 994 3394 iam
1009 3345 1108 3394 dixerat
1126 3345 1259 3396 Metellum
1275 3363 1337 3411 quo-

193 3429 288 3476 nostr
305 3423 320 3472 d
336 3424 458 3486 tetrae
474 3412 522 3493 ἦν,
538 3423 599 3474 ἀλλ’
616 3422 660 3472 ὅτι
677 3422 743 3473 tart·
788 3423 849 3472 tidie
873 3429 954 3473 casua
977 3437 1092 3483 morere,
1109 3430 1184 3488 atque
1201 3426 1263 3476 adeo
1281 3445 1340 3491 quo·

194 3525 254 3566 rore
276 3503 744 3577 &ouatrtnirperrsr,’p'derq’yriso
790 3502 850 3552 tidie
876 3517 928 3551 esse
951 3503 979 3552 in
1004 3502 1106 3568 oprnim.
1132 3503 1178 3556 Sic
1202 3507 1292 3558 multus
1309 3509 1337 3558 iu

191 3588 229 3638 ed
239 3588 373 3652 γινόμενα
392 3587 422 3639 οὐ
444 3587 636 3653 relicimur.
655 3587 743 3637 Rivius
791 3581 879 3632 'Pacilo
912 3598 965 3632 11011
994 3585 1162 3648 desidentium
1186 3589 1340 3641 desideratum

191 3677 218 3722 et
234 3669 373 3722 Rhenanus
389 3687 434 3737 pn>
450 3669 611 3723 intolerantia
627 3669 744 3732 legebant
790 3677 879 3729 saepe,
896 3665 1140 3729 pontremulum.
1159 3671 1201 3721 Ex
1219 3670 1340 3722 Sallustio

191 3752 336 3803 tolerantia.
789 3745 864 3795 simul
897 3755 1011 3812 apparet,
1044 3751 1106 3814 quid
1129 3753 1162 3802 sit
1186 3751 1211 3801 in
1236 3752 1339 3818 aquine.

226 3831 336 3884 Multum
360 3833 386 3883 in
412 3833 514 3900 apmine.
541 3831 627 3882 Vatic.
643 3829 744 3880 mullum
789 3825 894 3877 Servius
915 3829 1092 3894 interpretatur
1112 3834 1244 3883 exercitum
1260 3835 1339 3884 ombu-

192 3921 218 3965 et
241 3913 328 3964 multu.
349 3913 449 3964 Puteal.
465 3913 576 3974 multum,
593 3914 661 3964 unde
678 3911 744 3962 Rhe·
790 3907 878 3958 mntem
902 3912 935 3960 ad
960 3911 1054 3977 Virgil.
1078 3912 1172 3976 Georg.
1199 3914 1253 3963 ΠΙ.
1280 3919 1338 3965 348.

191 4009 275 4045 nanus
300 3993 358 4045 fecit
382 3993 492 4044 militum.
510 3995 630 4045 Praefero
645 3993 744 4043 multum
791 3998 815 4038 et
837 3990 901 4040 hosti
916 3990 983 4042 Ante
999 4001 1166 4059 exspectatum
1179 3995 1272 4059 positis
1288 4004 1341 4045 stat

191 4077 254 4141 quia
270 4076 408 4126 sententiae
422 4075 514 4125 melius
530 4075 664 4124 convenire
681 4073 744 4123 arbi·
789 4070 815 4121 in
840 4073 935 4136 aparine
958 4074 1058 4124 castris.
1100 4075 1143 4124 ubi
1167 4076 1195 4124 in
1213 4076 1340 4127 Mnemos.

188 4163 254 4207 tror-
273 4153 396 4220 Agricola
410 4155 511 4206 multum
528 4161 584 4204 erat
599 4157 626 4203 in
644 4155 745 4218 agmine
790 4153 911 4202 Leidensi
926 4168 949 4203 a.
969 4159 1040 4206 lssl.
1052 4169 1078 4218 p.
1087 4159 1146 4206 257.
1155 4157 1341 4208 emendandum

193 4253 252 4289 oum
275 4239 413 4298 mnitibus,
430 4253 493 4302 quos
509 4242 676 4286 contraxerat.
694 4236 744 4286 Mi·
789 4235 890 4298 putari,
908 4242 933 4282 et
949 4233 1014 4284 hosti
1030 4233 1096 4285 Ante
1113 4246 1280 4301 exspectatum
1297 4258 1340 4306 op-

193 4319 251 4370 lltes
274 4321 353 4370 rariis
377 4317 459 4369 modis
476 4319 619 4376 exorcebat,
635 4331 745 4380 praesen
788 4313 881 4381 positis
905 4322 972 4364 stant
994 4316 1092 4382 apmina
1108 4319 1208 4370 castris.
1226 4319 1266 4370 De
1281 4322 1341 4372 mul·

192 4400 241 4450 tim
265 4401 397 4452 itineribus
423 4400 558 4460 inmundis,
583 4405 658 4463 atque
674 4397 746 4450 hosta
792 4405 832 4446 tus
857 4395 889 4446 oi.
914 4393 1026 4448 Gronov.
1053 4399 1084 4449 ad
1107 4399 1165 4450 Lir.
1183 4401 1277 4453 XXV.
1297 4409 1340 4464 18,

193 4483 320 4532 terendo.
343 4482 471 4542 Noverat,
488 4495 564 4546 quarn
580 4480 747 4545 perniciosum
791 4483 817 4528 et
841 4478 938 4530 Duker.
965 4481 997 4530 ad
1023 4479 1129 4534 Florum
1155 4484 1205 4534 IV.
1233 4489 1256 4535 2.
1279 4486 1341 4535 Dixi
