<?xml version="1.0" encoding="UTF-8"?>
<!DOCTYPE html PUBLIC "-//W3C//DTD XHTML 1.0 Transitional//EN"
    "http://www.w3.org/TR/xhtml1/DTD/xhtml1-transitional.dtd">
<html xmlns="http://www.w3.org/1999/xhtml" xml:lang="en" lang="en">
 <head>
  <title>
</title>
<meta http-equiv="Content-Type" content="text/html;charset=utf-8" />
  <meta name='ocr-system' content='tesseract 3.04.00' />
  <meta name='ocr-capabilities' content='ocr_page ocr_carea ocr_par ocr_line ocrx_word'/>
</head>
<body>
  <div class='ocr_page' id='page_1' title='image "./ccorneliitaciti09tacigoog/ccorneliitaciti09tacigoog_0224.png"; bbox 0 0 3074 5310; ppageno 0'>
   <div class='ocr_carea' id='block_1_1' title="bbox 684 557 862 604">
    <p class='ocr_par' dir='ltr' id='par_1_1' title="bbox 684 557 862 604">
     <span class='ocr_line' id='line_1_1' title="bbox 684 557 862 604; baseline -0.006 -2"><span class='ocrx_word' id='word_1_1' title='bbox 684 557 862 604; x_wconf 70' lang='lat' dir='ltr'><em>nealcen.</em></span> 
     </span>
    </p>
   </div>
   <div class='ocr_carea' id='block_1_2' title="bbox 203 715 1238 1112">
    <p class='ocr_par' dir='ltr' id='par_1_2' title="bbox 205 715 1129 789">
     <span class='ocr_line' id='line_1_2' title="bbox 205 715 1129 789; baseline 0.009 -23"><span class='ocrx_word' id='word_1_2' title='bbox 205 715 306 769; x_wconf 75' lang='lat' dir='ltr'><em>Vinctos</em></span> <span class='ocrx_word' id='word_1_3' title='bbox 323 720 433 783; x_wconf 78' lang='lat' dir='ltr'><strong><em>tradere,</em></strong></span> <span class='ocrx_word' id='word_1_4' title='bbox 448 723 603 788; x_wconf 77' lang='lat' dir='ltr'>proverbiale</span> <span class='ocrx_word' id='word_1_5' title='bbox 623 724 677 772; x_wconf 78' lang='lat'>127.</span> <span class='ocrx_word' id='word_1_6' title='bbox 794 722 883 774; x_wconf 83' lang='lat' dir='ltr'><em>Visere</em></span> <span class='ocrx_word' id='word_1_7' title='bbox 896 738 944 789; x_wconf 82' lang='lat' dir='ltr'><em>per</em></span> <span class='ocrx_word' id='word_1_8' title='bbox 961 724 1055 775; x_wconf 80' lang='lat' dir='ltr'><em>nuntios</em></span> <span class='ocrx_word' id='word_1_9' title='bbox 1075 729 1129 775; x_wconf 86' lang='grc'><strong>165.</strong></span> 
     </span>
    </p>

    <p class='ocr_par' dir='ltr' id='par_1_3' title="bbox 203 799 1238 1112">
     <span class='ocr_line' id='line_1_3' title="bbox 205 799 1213 865; baseline 0.008 -17"><span class='ocrx_word' id='word_1_10' title='bbox 205 799 292 862; x_wconf 85' lang='lat' dir='ltr'><em>Vires,</em></span> <span class='ocrx_word' id='word_1_11' title='bbox 310 808 335 852; x_wconf 88' lang='lat' dir='ltr'><em>et</em></span> <span class='ocrx_word' id='word_1_12' title='bbox 356 803 405 852; x_wconf 84' lang='lat' dir='ltr'><em>oiri</em></span> <span class='ocrx_word' id='word_1_13' title='bbox 421 808 460 854; x_wconf 87' lang='lat'><em>71.</em></span> <span class='ocrx_word' id='word_1_14' title='bbox 795 803 881 854; x_wconf 84' lang='lat' dir='ltr'><em>Vitoto</em></span> <span class='ocrx_word' id='word_1_15' title='bbox 899 806 995 865; x_wconf 85' lang='lat' dir='ltr'><em>officio,</em></span> <span class='ocrx_word' id='word_1_16' title='bbox 1014 813 1038 856; x_wconf 86' lang='lat' dir='ltr'><em>et</em></span> <span class='ocrx_word' id='word_1_17' title='bbox 1062 806 1138 856; x_wconf 83' lang='lat' dir='ltr'><em>vetito</em></span> <span class='ocrx_word' id='word_1_18' title='bbox 1159 811 1213 856; x_wconf 81' lang='grc'><strong>154.</strong></span> 
     </span>
     <span class='ocr_line' id='line_1_4' title="bbox 205 878 1238 953; baseline 0.009 -24"><span class='ocrx_word' id='word_1_19' title='bbox 205 878 282 932; x_wconf 80' lang='lat' dir='ltr'><em>Virili</em></span> <span class='ocrx_word' id='word_1_20' title='bbox 297 883 367 950; x_wconf 69' lang='lat' dir='ltr'><em>(pro)</em></span> <span class='ocrx_word' id='word_1_21' title='bbox 382 885 496 950; x_wconf 80' lang='lat' dir='ltr'><em>portione</em></span> <span class='ocrx_word' id='word_1_22' title='bbox 515 890 569 936; x_wconf 84' lang='lat'>178.</span> <span class='ocrx_word' id='word_1_23' title='bbox 795 884 877 946; x_wconf 82' lang='lat' dir='ltr'><em>Vitia,</em></span> <span class='ocrx_word' id='word_1_24' title='bbox 894 888 977 938; x_wconf 80' lang='lat' dir='ltr'><em>variae</em></span> <span class='ocrx_word' id='word_1_25' title='bbox 994 889 1182 953; x_wconf 78' lang='lat' dir='ltr'><em>significationis</em></span> <span class='ocrx_word' id='word_1_26' title='bbox 1199 896 1238 939; x_wconf 84' lang='grc'><strong>45.</strong></span> 
     </span>
     <span class='ocr_line' id='line_1_5' title="bbox 203 961 1183 1021; baseline 0.007 -9"><span class='ocrx_word' id='word_1_27' title='bbox 203 961 291 1014; x_wconf 72' lang='lat' dir='ltr'><em>Virtus</em></span> <span class='ocrx_word' id='word_1_28' title='bbox 306 963 389 1015; x_wconf 75' lang='lat' dir='ltr'><em>Doulou</em></span> <span class='ocrx_word' id='word_1_29' title='bbox 408 972 462 1017; x_wconf 89' lang='grc'><strong>131.</strong></span> <span class='ocrx_word' id='word_1_30' title='bbox 796 964 861 1016; x_wconf 83' lang='lat' dir='ltr'><em>Voce</em></span> <span class='ocrx_word' id='word_1_31' title='bbox 877 966 1002 1018; x_wconf 84' lang='lat' dir='ltr'><em>incondito</em></span> <span class='ocrx_word' id='word_1_32' title='bbox 1019 970 1126 1021; x_wconf 81' lang='lat' dir='ltr'><em>scribere</em></span> <span class='ocrx_word' id='word_1_33' title='bbox 1144 975 1183 1021; x_wconf 85' lang='grc'><em>19.</em></span> 
     </span>
     <span class='ocr_line' id='line_1_6' title="bbox 204 1042 1128 1112; baseline 0.011 -20"><span class='ocrx_word' id='word_1_34' title='bbox 204 1042 302 1096; x_wconf 81' lang='lat' dir='ltr'><em>Virtute</em></span> <span class='ocrx_word' id='word_1_35' title='bbox 317 1049 421 1112; x_wconf 88' lang='lat' dir='ltr'><em>Imperii</em></span> <span class='ocrx_word' id='word_1_36' title='bbox 437 1049 544 1100; x_wconf 87' lang='lat' dir='ltr'><em>Romani</em></span> <span class='ocrx_word' id='word_1_37' title='bbox 564 1053 619 1098; x_wconf 88' lang='grc'><strong>131.</strong></span> <span class='ocrx_word' id='word_1_38' title='bbox 795 1046 888 1097; x_wconf 81' lang='lat' dir='ltr'><em>Vulnus</em></span> <span class='ocrx_word' id='word_1_39' title='bbox 904 1063 950 1112; x_wconf 87' lang='lat' dir='ltr'><em>pro</em></span> <span class='ocrx_word' id='word_1_40' title='bbox 967 1049 1053 1100; x_wconf 86' lang='lat' dir='ltr'><em>donno</em></span> <span class='ocrx_word' id='word_1_41' title='bbox 1074 1055 1128 1102; x_wconf 83' lang='grc'><strong>147.</strong></span> 
     </span>
    </p>
   </div>
   <div class='ocr_carea' id='block_1_3' title="bbox 199 1437 1340 1669">
    <p class='ocr_par' dir='ltr' id='par_1_4' title="bbox 199 1437 1340 1669">
     <span class='ocr_line' id='line_1_7' title="bbox 232 1437 1340 1504; baseline 0.003 -17"><span class='ocrx_word' id='word_1_42' title='bbox 232 1437 289 1487; x_wconf 82' lang='lat' dir='ltr'><em>Iam</em></span> <span class='ocrx_word' id='word_1_43' title='bbox 314 1453 379 1488; x_wconf 86' lang='lat' dir='ltr'><em>nova</em></span> <span class='ocrx_word' id='word_1_44' title='bbox 404 1440 512 1490; x_wconf 79' lang='lat' dir='ltr'><em>editione</em></span> <span class='ocrx_word' id='word_1_45' title='bbox 530 1437 665 1504; x_wconf 75' lang='lat' dir='ltr'><em>Agricolae</em></span> <span class='ocrx_word' id='word_1_46' title='bbox 683 1441 793 1491; x_wconf 84' lang='lat' dir='ltr'><em>Tecitini</em></span> <span class='ocrx_word' id='word_1_47' title='bbox 809 1440 916 1491; x_wconf 80' lang='lat' dir='ltr'><em>feliciter</em></span> <span class='ocrx_word' id='word_1_48' title='bbox 934 1437 1062 1498; x_wconf 84' lang='lat' dir='ltr'><em>absolute,</em></span> <span class='ocrx_word' id='word_1_49' title='bbox 1080 1438 1146 1488; x_wconf 89' lang='lat' dir='ltr'><em>nihil</em></span> <span class='ocrx_word' id='word_1_50' title='bbox 1162 1437 1256 1498; x_wconf 77' lang='lat' dir='ltr'><em>habeo,</em></span> <span class='ocrx_word' id='word_1_51' title='bbox 1273 1440 1340 1503; x_wconf 89' lang='lat' dir='ltr'><em>qnod</em></span> 
     </span>
     <span class='ocr_line' id='line_1_8' title="bbox 199 1509 1339 1585; baseline 0.003 -19"><span class='ocrx_word' id='word_1_52' title='bbox 199 1518 303 1579; x_wconf 77' lang='lat' dir='ltr'><em>addam,</em></span> <span class='ocrx_word' id='word_1_53' title='bbox 329 1521 378 1568; x_wconf 89' lang='lat' dir='ltr'><em>nisi</em></span> <span class='ocrx_word' id='word_1_54' title='bbox 401 1521 515 1584; x_wconf 77' lang='lat' dir='ltr'><em>ingentes</em></span> <span class='ocrx_word' id='word_1_55' title='bbox 531 1522 623 1585; x_wconf 71' lang='lat' dir='ltr'><em>gratim</em></span> <span class='ocrx_word' id='word_1_56' title='bbox 640 1523 719 1572; x_wconf 80' lang='lat' dir='ltr'><em>veteri</em></span> <span class='ocrx_word' id='word_1_57' title='bbox 736 1523 818 1572; x_wconf 90' lang='lat' dir='ltr'><em>amico</em></span> <span class='ocrx_word' id='word_1_58' title='bbox 835 1521 928 1571; x_wconf 83' lang='lat' dir='ltr'><em>Ioanni</em></span> <span class='ocrx_word' id='word_1_59' title='bbox 945 1509 1080 1570; x_wconf 59' lang='lat' dir='ltr'><em>Theodori</em></span> <span class='ocrx_word' id='word_1_60' title='bbox 1097 1519 1275 1583; x_wconf 73' lang='lat' dir='ltr'><em>Bergomum,</em></span> <span class='ocrx_word' id='word_1_61' title='bbox 1293 1535 1339 1583; x_wconf 88' lang='lat' dir='ltr'><em>pro</em></span> 
     </span>
     <span class='ocr_line' id='line_1_9' title="bbox 199 1598 1340 1669; baseline 0.003 -22"><span class='ocrx_word' id='word_1_62' title='bbox 199 1598 319 1663; x_wconf 76' lang='lat' dir='ltr'><em>singulari</em></span> <span class='ocrx_word' id='word_1_63' title='bbox 344 1601 520 1652; x_wconf 79' lang='lat' dir='ltr'><em>benevolentia</em></span> <span class='ocrx_word' id='word_1_64' title='bbox 546 1610 571 1652; x_wconf 83' lang='lat' dir='ltr'><em>et</em></span> <span class='ocrx_word' id='word_1_65' title='bbox 592 1603 688 1663; x_wconf 85' lang='lat' dir='ltr'><em>studio,</em></span> <span class='ocrx_word' id='word_1_66' title='bbox 705 1617 769 1669; x_wconf 87' lang='lat' dir='ltr'><em>qnae</em></span> <span class='ocrx_word' id='word_1_67' title='bbox 785 1603 848 1652; x_wconf 88' lang='lat' dir='ltr'><em>mihi</em></span> <span class='ocrx_word' id='word_1_68' title='bbox 864 1602 907 1652; x_wconf 88' lang='lat' dir='ltr'><em>hic</em></span> <span class='ocrx_word' id='word_1_69' title='bbox 924 1615 1022 1666; x_wconf 89' lang='lat' dir='ltr'><em>quoque</em></span> <span class='ocrx_word' id='word_1_70' title='bbox 1038 1607 1165 1665; x_wconf 85' lang='lat' dir='ltr'><em>praestare</em></span> <span class='ocrx_word' id='word_1_71' title='bbox 1181 1615 1233 1650; x_wconf 91' lang='lat' dir='ltr'><em>non</em></span> <span class='ocrx_word' id='word_1_72' title='bbox 1250 1601 1340 1651; x_wconf 87' lang='lat' dir='ltr'><em>noluit.</em></span> 
     </span>
    </p>
   </div>
   <div class='ocr_carea' id='block_1_4' title="bbox 196 1679 1341 2140">
    <p class='ocr_par' dir='ltr' id='par_1_5' title="bbox 196 1679 1341 2140">
     <span class='ocr_line' id='line_1_10' title="bbox 198 1679 1341 1749; baseline 0.003 -21"><span class='ocrx_word' id='word_1_73' title='bbox 198 1679 299 1730; x_wconf 75' lang='lat' dir='ltr'><em>Titulus</em></span> <span class='ocrx_word' id='word_1_74' title='bbox 312 1682 380 1743; x_wconf 87' lang='lat' dir='ltr'><em>libri,</em></span> <span class='ocrx_word' id='word_1_75' title='bbox 388 1697 464 1747; x_wconf 90' lang='lat' dir='ltr'><em>quem</em></span> <span class='ocrx_word' id='word_1_76' title='bbox 472 1684 566 1734; x_wconf 84' lang='lat' dir='ltr'><em>amicus</em></span> <span class='ocrx_word' id='word_1_77' title='bbox 576 1685 653 1734; x_wconf 85' lang='lat' dir='ltr'><em>Ianus</em></span> <span class='ocrx_word' id='word_1_78' title='bbox 662 1685 718 1734; x_wconf 89' lang='lat' dir='ltr'><em>Pau</em></span> <span class='ocrx_word' id='word_1_79' title='bbox 728 1685 789 1749; x_wconf 86' lang='lat' dir='ltr'><em>(vid.</em></span> <span class='ocrx_word' id='word_1_80' title='bbox 799 1699 823 1748; x_wconf 88' lang='lat' dir='ltr'><em>p.</em></span> <span class='ocrx_word' id='word_1_81' title='bbox 835 1683 902 1749; x_wconf 80' lang='lat'>192.)</span> <span class='ocrx_word' id='word_1_82' title='bbox 912 1683 975 1732; x_wconf 86' lang='lat' dir='ltr'><em>olim</em></span> <span class='ocrx_word' id='word_1_83' title='bbox 984 1683 1098 1745; x_wconf 86' lang='lat' dir='ltr'><em>scripsit,</em></span> <span class='ocrx_word' id='word_1_84' title='bbox 1107 1683 1245 1732; x_wconf 75' lang='lat' dir='ltr'><em>accuratius</em></span> <span class='ocrx_word' id='word_1_85' title='bbox 1254 1681 1341 1733; x_wconf 79' lang='lat' dir='ltr'><em>referri</em></span> 
     </span>
     <span class='ocr_line' id='line_1_11' title="bbox 197 1760 1339 1829; baseline 0.003 -19"><span class='ocrx_word' id='word_1_86' title='bbox 197 1767 318 1824; x_wconf 84' lang='lat' dir='ltr'><em>meretur,</em></span> <span class='ocrx_word' id='word_1_87' title='bbox 335 1778 438 1828; x_wconf 86' lang='lat' dir='ltr'><em>nempe:</em></span> <span class='ocrx_word' id='word_1_88' title='bbox 456 1764 604 1815; x_wconf 80' lang='lat' dir='ltr'><em>Dissertatio</em></span> <span class='ocrx_word' id='word_1_89' title='bbox 622 1766 732 1815; x_wconf 89' lang='lat' dir='ltr'><em>Iuridica</em></span> <span class='ocrx_word' id='word_1_90' title='bbox 748 1765 908 1829; x_wconf 78' lang='lat' dir='ltr'><em>Inungurelie</em></span> <span class='ocrx_word' id='word_1_91' title='bbox 918 1763 948 1813; x_wconf 83' lang='lat' dir='ltr'><em>de</em></span> <span class='ocrx_word' id='word_1_92' title='bbox 960 1760 1035 1814; x_wconf 78' lang='lat' dir='ltr'><em>Grati</em></span> <span class='ocrx_word' id='word_1_93' title='bbox 1044 1762 1120 1811; x_wconf 83' lang='lat' dir='ltr'><em>animi</em></span> <span class='ocrx_word' id='word_1_94' title='bbox 1128 1761 1339 1827; x_wconf 80' lang='lat' dir='ltr'><em>officiisotquein-</em></span> 
     </span>
     <span class='ocr_line' id='line_1_12' title="bbox 196 1843 1335 1911; baseline 0.002 -21"><span class='ocrx_word' id='word_1_95' title='bbox 196 1850 322 1906; x_wconf 73' lang='lat' dir='ltr'><em>oratorum</em></span> <span class='ocrx_word' id='word_1_96' title='bbox 342 1861 436 1910; x_wconf 81' lang='lat' dir='ltr'><em>poeno,</em></span> <span class='ocrx_word' id='word_1_97' title='bbox 461 1846 515 1894; x_wconf 81' lang='lat' dir='ltr'><em>iuro</em></span> <span class='ocrx_word' id='word_1_98' title='bbox 531 1844 615 1896; x_wconf 81' lang='lat' dir='ltr'><em>Attico</em></span> <span class='ocrx_word' id='word_1_99' title='bbox 632 1855 656 1895; x_wconf 85' lang='lat' dir='ltr'><em>ot</em></span> <span class='ocrx_word' id='word_1_100' title='bbox 672 1845 796 1906; x_wconf 82' lang='lat' dir='ltr'><em>Romano,</em></span> <span class='ocrx_word' id='word_1_101' title='bbox 815 1860 890 1911; x_wconf 88' lang='lat' dir='ltr'><em>quam</em></span> <span class='ocrx_word' id='word_1_102' title='bbox 907 1860 952 1909; x_wconf 84' lang='lat' dir='ltr'><em>pro</em></span> <span class='ocrx_word' id='word_1_103' title='bbox 968 1845 1047 1909; x_wconf 82' lang='lat' dir='ltr'><em>gradu</em></span> <span class='ocrx_word' id='word_1_104' title='bbox 1064 1845 1204 1894; x_wconf 77' lang='lat' dir='ltr'><em>doctoratus</em></span> <span class='ocrx_word' id='word_1_105' title='bbox 1223 1843 1335 1892; x_wconf 86' lang='lat' dir='ltr'><em>summis·</em></span> 
     </span>
     <span class='ocr_line' id='line_1_13' title="bbox 197 1923 1335 1992; baseline -0.001 -20"><span class='ocrx_word' id='word_1_106' title='bbox 197 1938 246 1987; x_wconf 86' lang='lat' dir='ltr'><em>qne</em></span> <span class='ocrx_word' id='word_1_107' title='bbox 262 1925 289 1974; x_wconf 87' lang='lat' dir='ltr'><em>iu</em></span> <span class='ocrx_word' id='word_1_108' title='bbox 305 1929 410 1991; x_wconf 74' lang='lat' dir='ltr'><em>unoque</em></span> <span class='ocrx_word' id='word_1_109' title='bbox 427 1927 480 1978; x_wconf 88' lang='lat' dir='ltr'><em>iure</em></span> <span class='ocrx_word' id='word_1_110' title='bbox 496 1929 632 1978; x_wconf 87' lang='lat' dir='ltr'><em>honoribus</em></span> <span class='ocrx_word' id='word_1_111' title='bbox 652 1943 682 1978; x_wconf 83' lang='lat' dir='ltr'><em>ec</em></span> <span class='ocrx_word' id='word_1_112' title='bbox 698 1927 836 1992; x_wconf 83' lang='lat' dir='ltr'><em>privilegiis</em></span> <span class='ocrx_word' id='word_1_113' title='bbox 853 1927 880 1976; x_wconf 88' lang='lat' dir='ltr'><em>in</em></span> <span class='ocrx_word' id='word_1_114' title='bbox 897 1924 1070 1976; x_wconf 83' lang='lat' dir='ltr'><em>Universitate</em></span> <span class='ocrx_word' id='word_1_115' title='bbox 1086 1923 1167 1990; x_wconf 82' lang='lat' dir='ltr'><em>Regia</em></span> <span class='ocrx_word' id='word_1_116' title='bbox 1182 1923 1335 1975; x_wconf 83' lang='lat' dir='ltr'><em>Hellendiue</em></span> 
     </span>
     <span class='ocr_line' id='line_1_14' title="bbox 199 2004 1333 2061; baseline 0 -8"><span class='ocrx_word' id='word_1_117' title='bbox 199 2005 360 2058; x_wconf 82' lang='lat' dir='ltr'><em>Eruditorum</em></span> <span class='ocrx_word' id='word_1_118' title='bbox 376 2009 489 2058; x_wconf 78' lang='lat' dir='ltr'><em>examini</em></span> <span class='ocrx_word' id='word_1_119' title='bbox 513 2009 635 2061; x_wconf 86' lang='lat' dir='ltr'><em>submittit</em></span> <span class='ocrx_word' id='word_1_120' title='bbox 660 2009 738 2060; x_wconf 80' lang='lat' dir='ltr'><em>Inuus</em></span> <span class='ocrx_word' id='word_1_121' title='bbox 763 2009 827 2060; x_wconf 88' lang='lat' dir='ltr'><em>Pan.</em></span> <span class='ocrx_word' id='word_1_122' title='bbox 854 2006 1134 2058; x_wconf 75' lang='lat' dir='ltr'><em>lincheon-Hellandus.</em></span> <span class='ocrx_word' id='word_1_123' title='bbox 1156 2021 1178 2056; x_wconf 84' lang='lat' dir='ltr'><em>a.</em></span> <span class='ocrx_word' id='word_1_124' title='bbox 1204 2007 1228 2057; x_wconf 80' lang='lat' dir='ltr'><em>d.</em></span> <span class='ocrx_word' id='word_1_125' title='bbox 1248 2004 1333 2057; x_wconf 87' lang='lat' dir='ltr'><em>XVII</em></span> 
     </span>
     <span class='ocr_line' id='line_1_15' title="bbox 202 2086 460 2140; baseline 0.019 -5"><span class='ocrx_word' id='word_1_126' title='bbox 202 2086 269 2136; x_wconf 80' lang='lat' dir='ltr'><em>Nor.</em></span> <span class='ocrx_word' id='word_1_127' title='bbox 287 2087 460 2140; x_wconf 80' lang='lat' dir='ltr'><em>Muccclx.</em></span> 
     </span>
    </p>
   </div>
   <div class='ocr_carea' id='block_1_5' title="bbox 0 0 1543 5310">
    <p class='ocr_par' dir='ltr' id='par_1_6' title="bbox 0 0 1543 5310">
     <span class='ocr_line' id='line_1_16' title="bbox 0 0 1543 5310; baseline 0 0"><span class='ocrx_word' id='word_1_128' title='bbox 0 0 1543 5310; x_wconf 95' lang='lat' dir='ltr'><em> </em></span> 
     </span>
    </p>
   </div>
  </div>
 </body>
</html>
