3134 5310
654 529 829 580 aemonii.
1274 514 1315 578 ts

161 719 196 774 et
222 703 388 772 atessam
412 713 561 781 exueram
587 721 648 766 neo
672 698 736 774 illi,
761 697 846 788 quod
869 709 915 764 est
938 696 1130 764 rarissimum
1145 745 1155 775 ,
1169 709 1224 764 aut
1238 697 1317 766 tasi..

160 813 238 876 litas
268 808 494 876 auctoritatem
516 819 571 872 eut
595 805 741 872 severitas
766 826 906 872 umorem
930 803 1097 870 deminuit.
1146 802 1315 892 integrite-

165 1076 261 1112 aaoras
287 1059 319 1108 ab
345 1057 461 1106 omnibus
486 1055 590 1104 omnino
616 1053 736 1104 Romanis
767 1047 1315 1103 etmodusexsenteutialooiiudiosndasrint.

167 1144 258 1194 fnisset
280 1139 410 1196 laudatus,
436 1136 571 1199 Agrioola,
596 1149 646 1199 qna
668 1142 721 1186 eret
767 1135 839 1184 Heeo
854 1132 931 1190 vitia,
948 1137 977 1184 at
993 1131 1079 1180 omnia
1095 1132 1316 1194 quaaingenaran·

166 1223 291 1287 pmbitete
312 1226 338 1268 et
354 1218 511 1280 integritate,
529 1216 645 1278 exemplo
661 1215 720 1264 alio·
766 1222 819 1273 tnr,
841 1220 867 1264 et
887 1227 964 1276 parva
987 1213 1117 1272 ridentia,
1143 1213 1209 1262 vires
1234 1214 1317 1264 eundo

166 1315 227 1352 rom
241 1313 372 1364 nunqnam
388 1299 495 1356 imitari,
515 1297 617 1346 Tacitus
633 1297 660 1346 in
677 1296 720 1346 ho·
766 1300 1002 1354 sasimensium,
1028 1299 1069 1352 et,
1095 1293 1144 1344 uisi
1161 1299 1257 1345 maturo
1273 1295 1316 1344 do-

166 1397 235 1432 noro
256 1383 333 1432 sossii
348 1381 430 1430 multo
451 1380 534 1428 minas
550 1379 652 1428 laudare
668 1384 720 1440 pot·
766 1383 878 1436 meatur,
905 1377 1037 1438 imperant.
1079 1375 1171 1438 Nugae
1195 1376 1228 1424 ael
1252 1375 1317 1424 serie

166 1465 257 1512 nisset.
285 1462 404 1526 Agricola
430 1461 483 1524 ipss
507 1459 570 1510 vitia
586 1458 634 1508 ista
650 1472 720 1522 supe·
766 1461 873 1518 damant,
894 1465 920 1509 et
936 1457 1042 1508 feminas
1058 1471 1131 1520 saepe
1147 1457 1317 1520 imprudentes

167 1546 266 1594 riorum
282 1543 465 1594 Prooonsnlum
481 1541 508 1590 in
526 1540 660 1590 Britannia
672 1539 720 1602 pri·
767 1543 799 1591 ad
823 1541 886 1590 sitia
908 1539 1024 1603 graviora
1039 1538 1150 1588 nabunt.
1173 1537 1317 1600 Agrippias

167 1639 211 1676 mo
237 1627 323 1676 statim
348 1640 416 1675 anno
442 1622 600 1685 sempr-ossis,
617 1635 721 1670 orsuea
766 1628 827 1672 nate
842 1627 970 1684 aooepemt
987 1621 1075 1670 estem
1091 1620 1166 1679 vitia,
1183 1633 1247 1683 quae
1264 1633 1315 1668 om·

167 1722 195 1756 se
211 1714 237 1756 et
254 1707 330 1756 domo
346 1721 400 1764 sna,
418 1703 505 1752 officiis
520 1717 620 1767 quoqne
637 1709 662 1752 et
679 1703 720 1752 ait·
766 1719 811 1753 nes
836 1704 952 1753 feminee.
988 1702 1041 1752 Sed
1065 1703 1139 1765 aequi
1164 1700 1314 1764 impatiens,

168 1788 392 1838 ministrationibus
408 1797 564 1849 praeponens
577 1783 719 1846 potiusnon
766 1786 913 1836 dominandi
951 1784 1037 1844 ovida,
1067 1784 1181 1834 animum
1212 1783 1314 1845 gesem

167 1876 325 1933 necessitas,
342 1883 419 1931 quam
435 1867 719 1927 damnenaqaumpeo
765 1867 877 1924 virilem,
902 1866 963 1914 viris
985 1879 1062 1929 quam
1078 1865 1178 1914 seminis
1194 1863 1314 1921 similior,

167 1957 273 2002 oassent.
310 1950 401 1998 Talem
418 1946 568 2008 Agrioolsm
582 1960 650 1995 nnnc
666 1957 719 1996 non
765 1961 836 1994 ouras
852 1946 937 1996 viriles
954 1947 1066 2004 emebat,
1082 1944 1314 2002 vitiaieminamm,

167 2032 306 2090 laudasset,
323 2031 392 2094 quod
407 2029 471 2078 vitia
487 2029 536 2076 iste
552 2027 673 2085 exuisset,
686 2037 720 2076 ne
764 2028 854 2090 quibus
883 2034 974 2076 natura
998 2027 1104 2076 feminas
1129 2024 1224 2082 induit,
1249 2024 1315 2074 euris

167 2118 222 2161 tam
254 2113 370 2176 quidem,
401 2111 423 2158 si
451 2109 537 2158 liceret
561 2109 720 2170 interpretari
765 2109 878 2158 virilibus
903 2116 1014 2156 esaaot.
1049 2107 1093 2158 Sio
1118 2106 1205 2156 satem
1224 2105 1314 2167 Agrip·

167 2192 232 2242 sitio
257 2206 361 2250 essere,
385 2197 514 2254 tamquam
537 2189 673 2247 immunem,
690 2187 719 2237 ii·
764 2190 825 2252 pina
841 2191 936 2239 Annei.
955 2191 978 2240 1.
997 2195 1037 2238 33.
1061 2187 1183 2236 Castitate
1197 2194 1220 2234 et
1229 2187 1315 2237 mariti

166 2275 249 2322 beram
274 2287 327 2320 esse
352 2287 369 2320 o
392 2271 470 2320 vitiis.
487 2271 560 2329 Hoc,
576 2276 649 2333 puto,
666 2285 718 2318 non
764 2285 846 2320 amore
871 2271 982 2334 qaomois
1006 2269 1147 2320 indomitum
1168 2267 1271 2320 ommam
1288 2267 1314 2318 ia

166 2355 234 2404 lieet.
270 2354 329 2402 Viri
346 2351 437 2402 eruditi
449 2357 535 2400 tamen
551 2356 581 2400 ut
595 2352 716 2414 probent,
763 2351 849 2402 melias
865 2353 982 2402 vertebat.
1001 2352 1070 2402 Nate
1085 2355 1138 2400 eret
1154 2350 1313 2400 animosam·

166 2435 284 2498 exempla
300 2433 419 2484 adhibent
437 2433 532 2490 Tasiti,
550 2432 648 2482 Annei.
666 2433 716 2480 VI.
763 2433 876 2482 motiore.
911 2434 978 2484 Eum
1002 2448 1055 2483 non
1071 2433 1141 2482 exuit
1157 2432 1259 2494 quidem
1275 2445 1313 2480 es·

165 2520 209 2566 26.
237 2513 289 2565 Sed
312 2513 460 2578 Aqrs'ppina
477 2513 552 2576 aequi
567 2513 716 2577 impatiens,
763 2513 846 2564 stitate
861 2520 886 2562 et
901 2513 987 2562 meriti
1003 2525 1101 2570 amore,
1118 2512 1163 2560 sed
1179 2512 1313 2574 mitigavit.

164 2594 308 2646 minandi
323 2593 413 2653 amaa,
429 2593 544 2644 uirilibus
558 2594 628 2642 caris
638 2595 717 2658 ferai·
764 2595 838 2644 Alter
864 2594 946 2644 Taoiti
970 2596 1039 2644 loeus
1064 2607 1097 2644 ax
1118 2593 1239 2660 Historiis
1260 2608 1312 2645 om·

165 2693 255 2728 aarum
277 2677 340 2726 vitia
365 2683 476 2726 asserat.
502 2675 715 2726 maiestate.
762 2677 823 2727 nino
840 2675 905 2726 nihil
918 2675 968 2726 huo
984 2675 1051 2726 feeit.
1067 2676 1177 2728 nussum
1193 2676 1254 2726 olari
1269 2690 1311 2726 na

169 2757 298 2810 (amatim
319 2755 432 2816 Fuscus,
453 2757 537 2820 viqens
553 2765 649 2815 aetate,
667 2757 716 2806 elo·
762 2759 824 2808 tetes
848 2757 958 2808 iacerent
983 2757 1078 2808 ordinis
1094 2757 1220 2810 senatorii.
1255 2757 1314 2810 Mus

163 2841 205 2890 ris
229 2839 367 2898 natalibus,
389 2838 474 2903 prima
496 2837 607 2896 iuventa,
625 2838 717 2901 qnietis
762 2853 823 2890 nera
843 2839 944 2901 gerebat
960 2839 1001 2888 rel
1017 2838 1091 2901 plane
1107 2838 1189 2897 nulle,
1206 2837 1248 2890 vel
1263 2838 1312 2888 isto

166 2919 296 2984 sapiditas,
313 2919 463 2970 senatoriam
480 2917 588 2968 ordinem
605 2926 715 2968 exue-al.
762 2922 850 2970 ordine
874 2921 987 2982 indigna.
1023 2919 1082 2979 Quo
1106 2920 1193 2969 ordios
1215 2921 1312 2971 natales

165 3002 243 3052 Prior
263 3001 332 3050 loeas
349 3001 441 3050 faoerst
458 3001 490 3048 ad
507 3000 718 3062 significationem
763 3003 910 3059 induerent,
936 3005 1037 3050 eo·sus
1061 3014 1088 3050 se
1108 3000 1242 3062 eupiditate
1259 3000 1311 3062 ipse
1410 3015 1413 3036 ι

165 3081 274 3132 essendi
290 3083 503 3140 multimodam,
521 3081 666 3144 praesertim
675 3095 717 3130 ex·
764 3087 875 3132 exuerat.
910 3081 952 3130 Its
973 3080 1070 3130 Annei
1087 3080 1139 3130 XI.
1157 3085 1198 3130 25.
1215 3080 1255 3128 ius
1272 3095 1311 3128 ea·

164 3164 275 3228 plieatus
298 3165 379 3214 verbis
403 3166 509 3215 Kritaii=
535 3182 601 3215 anon
618 3173 656 3215 est
672 3182 719 3215 saa
765 3163 838 3213 uendi
863 3161 972 3222 ordinis,
998 3162 1015 3212 i.
1033 3176 1054 3211 e.
1071 3161 1230 3226 relinquendi
1242 3162 1311 3230 ,ordis

165 3245 236 3295 vitia
267 3245 381 3308 feninea
409 3246 571 3312 deposuerat,
606 3249 650 3297 sed
682 3248 718 3296 vi·
764 3246 804 3296 nis
828 3245 953 3296 senatorii.
990 3245 1080 3308 Neque
1104 3244 1218 3294 Kritzins
1243 3242 1269 3292 h.
1292 3244 1310 3293 l.

163 3327 209 3378 tiis
235 3327 282 3386 iis,
299 3342 362 3391 qaae
385 3330 462 3392 vulgo
479 3329 630 3378 feminarum
646 3337 717 3388 sunt,
764 3342 823 3378 usus
848 3335 885 3376 eat
910 3328 941 3376 ad
966 3328 1110 3391 opinionem
1135 3341 1207 3376 suem
1223 3327 1310 3376 confir-

163 3409 280 3458 saoaiat.
315 3409 454 3475 Nunquam
484 3410 552 3460 enim
576 3411 718 3473 Agrippina
763 3408 890 3458 mandam.
924 3409 1032 3459 Wexius
1055 3407 1184 3458 tristitiam
1201 3415 1225 3455 et
1241 3422 1311 3454 arro·

133 3523 135 3528 ,
163 3490 292 3553 impudica
321 3490 376 3540 tuit.
404 3491 478 3542 Conf.
504 3492 600 3541 Annal.
627 3493 649 3540 Ι.
675 3497 717 3542 8³.
762 3490 873 3553 nantium
906 3498 930 3538 et
954 3490 1088 3540 avaritiam
1113 3496 1216 3540 estimat
1239 3489 1311 3538 uncis

163 3573 255 3622 111.1.
281 3573 320 3620 II.
339 3577 379 3621 ts.
398 3573 449 3622 IV.
470 3572 527 3622 123³
563 3573 619 3634 ligo
635 3573 717 3622 looum
764 3570 872 3620 inclusit.
916 3569 1032 3633 Suspioor
1065 3570 1191 3630 librarios,
1222 3571 1311 3634 glossis

163 3653 241 3717 paulo
258 3654 330 3702 aliter
342 3654 521 3718 explicandum
529 3655 718 3704 iudioozNemo
764 3666 798 3702 ax
821 3652 934 3714 margine
956 3653 1100 3716 assumptis,
1116 3653 1158 3702 hio
1173 3653 1245 3716 plura
1261 3661 1311 3704 tnr-

163 3735 276 3784 nasoitnr
308 3735 363 3784 sine
387 3736 463 3786 vitiis.
499 3736 571 3786 Vitio
595 3737 717 3799 quaedam
763 3735 847 3793 basse,
873 3741 898 3784 et
916 3735 1032 3786 Tacitum
1049 3737 1174 3800 soripsisse
1191 3737 1310 3786 contiuo:

163 3816 247 3879 magis
263 3817 364 3880 propria
379 3823 438 3866 sunt
454 3817 528 3877 viris,
543 3819 666 3881 quaedam
683 3816 717 3866 fe·
763 3816 805 3866 ati
833 3823 961 3866 conmeatus
991 3834 1022 3868 oc
1047 3816 1143 3868 iudicio
1163 3828 1312 3882 poscerent„

162 3898 250 3946 minis.
284 3898 399 3947 Feminis
423 3899 485 3948 haec
510 3899 609 3962 proprie
635 3906 659 3948 et
681 3899 715 3948 in·
762 3899 861 3963 orasis,
886 3900 1005 3959 intentas,
1030 3913 1143 3948 seuerus.-
1168 3899 1210 3948 nbi
1231 3901 1310 3963 officio

162 3985 238 4037 nata,
254 3985 283 4028 nt
301 3979 403 4044 sapiant
420 3993 473 4030 asse
490 3986 514 4028 et
531 3981 611 4030 videri
627 3981 716 4031 formo·
763 3981 938 4044 satisfactam,
952 3981 1088 4046 potestatis
1101 3995 1233 4044 personam
1242 3995 1310 4030 enue-

163 4075 223 4120 sae,
249 4063 315 4112 dona
332 4067 436 4112 neumae
453 4067 506 4110 ate
522 4067 547 4111 et
563 4062 632 4112 cultu
649 4063 717 4112 auiu-
763 4069 813 4110 rat.
848 4061 968 4112 Formula
996 4063 1102 4126 figurata
1130 4063 1206 4110 variis
1230 4064 1311 4112 modis

162 4155 239 4200 vare,
269 4143 331 4191 viris
359 4143 457 4206 pleoere
486 4143 609 4192 studeant.
645 4143 718 4194 Haeo
764 4143 919 4206 etprimitias.
955 4143 1042 4194 Cicero
1058 4147 1090 4195 de
1108 4143 1178 4196 Offio.
1196 4144 1250 4194 III.
1272 4150 1310 4194 10.

164 4223 217 4272 iam
230 4230 289 4272 suut
305 4225 383 4284 uitis,
400 4223 536 4274 mediocris.
551 4223 665 4286 quidem,
682 4230 718 4274 ta·
763 4222 842 4273 Pom't
866 4225 928 4273 enim
949 4241 1081 4288 personam
1105 4225 1190 4286 amici,
1208 4243 1260 4275 cum
1276 4227 1311 4276 in·

164 4317 225 4354 men
241 4305 315 4355 vitia:
332 4319 460 4370 quassos
477 4303 630 4363 debilitates,
647 4305 717 4367 infir·
764 4304 817 4354 duit
841 4305 940 4356 iudicis.
976 4308 1056 4357 Tacit.
1082 4309 1170 4358 Annei
1188 4307 1251 4358 XV.
1270 4313 1310 4360 69.

165 4385 718 4450 mitatssspmumssolsmus,stuatosum
764 4384 876 4451 Speciosa
900 4385 991 4438 iudicis
1015 4387 1116 4440 induere
1141 4407 1187 4440 aon
1198 4400 1311 4458 poteret.

165 4481 226 4518 vocs
242 4468 483 4534 appellanturvitia,
497 4469 717 4535 quommquelitas
765 4468 844 4521 XVI.
871 4473 910 4520 28.
930 4467 1032 4519 Hostem
1053 4468 1166 4522 Tlrasea
1183 4472 1310 4522 insilisset.
