3134 5310
565 533 569 538 ·
631 528 809 576 ssurconr.
1260 513 1300 576 at

156 702 305 770 stimulos
335 697 483 766 addidere
513 698 639 776 iuraui,
674 698 866 785 intravitque
896 696 1037 760 abirnum
1065 697 1209 762 militaris
1239 697 1305 785 glo·

156 811 225 874 riae
265 805 403 896 cupido,
439 805 561 891 ingrata
593 802 807 892 temporibus,
845 801 959 889 quibus
983 803 1104 868 sinistra
1130 823 1204 890 erga
1228 802 1305 867 emi·

156 925 272 978 nentes
303 909 541 1000 interpretatio,
574 932 633 975 nec
660 909 764 973 minus
794 907 971 996 pericnlum
1007 931 1043 974 ex
1075 929 1189 997 magua
1221 908 1305 972 saura

160 1042 258 1107 quam
283 1041 319 1084 er
344 1017 439 1082 mala.

159 1262 250 1312 iuveni.
266 1259 387 1323 Agricola
404 1273 437 1306 cx
454 1259 484 1307 iis
500 1259 586 1315 rebus,
603 1269 713 1320 quaese-

158 1344 288 1400 clderant,
304 1341 384 1389 multa
400 1340 498 1388 didicit:
516 1346 568 1388 tam
583 1339 712 1397 adversae,

160 1437 242 1486 quam
267 1423 386 1470 secundae
411 1421 526 1484 peritiam
543 1427 567 1468 et
584 1419 712 1482 experian-

160 1504 227 1552 tiam
243 1508 377 1560 auxemut,
396 1507 420 1549 et
433 1499 569 1549 incitarunt
584 1506 629 1558 ut,
646 1499 713 1562 quod

160 1585 247 1632 minus
271 1588 336 1632 recte
353 1587 437 1644 egerat
454 1582 590 1641 Paulinus,
608 1581 711 1638 vitarat,

159 1665 229 1730 quod
243 1669 319 1722 recte,
335 1663 487 1722 imitaretur,
505 1663 526 1710 si
542 1659 643 1725 quando
659 1662 712 1724 ipso

160 1747 215 1794 dux
240 1745 320 1793 factam
346 1749 417 1792 esset.
436 1743 618 1806 Prospiciebat,
635 1757 711 1806 quan·

161 1833 214 1874 tarn
231 1825 290 1874 inde
307 1823 413 1886 gloriam
431 1837 528 1886 sperare
545 1829 635 1885 posset.

213 1901 372 1969 Intravitqee
390 1903 494 1952 animum
509 1901 606 1967 pieriae
622 1902 711 1950 milita-

160 1987 198 2036 ris
221 1985 320 2050 cupido.
339 1984 436 2048 Cupido
453 1985 548 2047 gloriae
564 1985 658 2032 dudum
675 1983 711 2031 in·

160 2074 282 2126 navarat,
300 2067 394 2116 iamin
412 2065 502 2114 scholis
519 2059 712 2122 Massiliae,ubi

160 2148 372 2212 pulchritudinem
389 2162 416 2196 ac
431 2146 538 2209 speciem
554 2159 711 2207 magnaaex-

161 2231 289 2293 celsaeque
304 2229 398 2292 gloriae
412 2228 511 2290 penitus
526 2227 610 2274 animo
618 2225 710 2274 infixit.

162 2310 300 2359 Prudentia
316 2309 417 2367 matris,
435 2315 521 2371 postea
538 2307 601 2355 ratio
611 2313 712 2355 etaetas

159 2391 304 2455 cupidinem
327 2390 489 2452 mitigarunt,
515 2403 644 2451 nunquam
670 2402 711 2436 ex-

160 2474 312 2522 stinxerunt.
346 2469 461 2520 Gloriam
484 2467 572 2532 igitur,
597 2471 712 2518 umbram

160 2554 274 2612 virtutis,
298 2565 396 2616 semper
420 2539 534 2614 appetiit;
556 2557 581 2598 et
598 2557 711 2613 appetere

161 2633 261 2692 debuit,
285 2633 423 2694 cuicunque
444 2629 510 2679 vitae
526 2632 613 2693 generi
629 2645 655 2680 se
672 2633 711 2680 de·

161 2715 246 2763 disset.
272 2713 367 2763 Militia
392 2719 476 2761 autem
501 2717 538 2760 cst
558 2713 639 2774 prima
655 2727 712 2776 pars

161 2795 227 2844 vitae
248 2795 374 2857 publicae,
392 2807 468 2858 quam
484 2795 586 2842 iuvenes
604 2793 712 2842 Romani

161 2882 306 2940 sequuntur.
342 2871 477 2938 Agricolae
501 2881 554 2922 tota
578 2874 629 2924 fera
648 2876 712 2924 urili-

161 2959 222 3006 taris
247 2957 303 3004 luit.
330 2957 417 3004 Prima
439 2956 610 3018 experimenta
625 2957 711 3018 proba·

760 1255 839 1305 literis
864 1257 962 1320 gloriae
976 1255 1083 1320 aperuit,
1101 1256 1246 1320 effecitque,
1261 1263 1305 1314 ut,

760 1337 830 1386 finita
853 1335 1035 1400 expeditione,
1056 1337 1139 1386 insuda
1163 1338 1242 1386 veteri
1265 1351 1306 1400 pa-

759 1418 860 1467 tientiae
882 1418 1009 1478 restituta,
1028 1419 1139 1467 animum
1156 1419 1253 1467 iuvenis
1270 1418 1306 1467 in-

758 1504 842 1548 traret.

792 1576 899 1644 Irrprata
916 1580 1071 1645 temporibus.
1108 1581 1205 1630 Mirum
1221 1581 1306 1640 dictu,

758 1661 854 1725 quoties
879 1675 909 1710 ea
934 1662 1058 1711 sententia
1074 1663 1100 1710 in
1117 1670 1170 1711 tam
1185 1677 1262 1725 parvo
1278 1663 1307 1711 li·

758 1743 823 1790 bello
840 1743 949 1791 iteretur.
976 1744 1033 1791 Iam
1049 1743 1076 1790 in
1092 1742 1247 1807 praefatione
1264 1757 1307 1792 ox·

757 1830 826 1872 cusat
844 1831 953 1888 tempore
967 1823 1213 1888 virtutibasiqsesto.
1233 1825 1307 1872 Tam·

756 1920 817 1968 pora
833 1905 932 1962 deinde,
949 1903 998 1963 hic,
1015 1919 1069 1966 cap.
1087 1907 1114 1962 6,
1136 1907 1179 1963 17,
1198 1909 1243 1963 39,
1260 1911 1306 1964 40,

757 1991 803 2044 st,
842 1987 1022 2048 vituperantur.
1059 1983 1190 2032 Sententia
1221 1991 1308 2034 autem

757 2080 824 2115 nunc
848 2066 930 2129 posita
954 2071 991 2114 est
1012 2065 1067 2113 loco
1084 2064 1179 2124 alieno,
1196 2079 1259 2129 quae
1276 2068 1308 2115 ad

759 2146 906 2210 Agricolam
915 2153 970 2209 epte
982 2145 1069 2194 referri
1082 2161 1133 2194 non
1147 2151 1236 2209 potest.
1246 2147 1308 2196 Erat

757 2228 867 2286 invenis,
894 2228 973 2276 vitam
996 2228 1131 2276 militarem
1152 2227 1198 2276 rix
1214 2229 1308 2292 ingres·

758 2323 811 2368 sus,
824 2310 937 2357 nondum
945 2316 1032 2368 notus,
1041 2309 1207 2358 neduminter
1215 2325 1308 2374 magna

758 2389 824 2438 lama
850 2391 995 2440 eminentes.
1034 2390 1119 2453 Atque
1136 2391 1198 2438 illud
1213 2393 1307 2454 pericu·

757 2471 811 2518 lum
836 2485 868 2518 ex
894 2471 961 2520 fatua
985 2471 1088 2519 militari
1112 2473 1258 2533 praesertim
1276 2475 1308 2522 ad

757 2553 924 2614 principatum
941 2551 1080 2600 Domitiani
1097 2551 1308 2617 pertinebat,qu0

760 2633 861 2682 Tacitus
890 2633 1036 2697 plerumque
1061 2633 1113 2696 ipse
1130 2631 1222 2693 refert,
1240 2651 1308 2686 nunc

759 2721 842 2763 autem
868 2715 937 2764 Nero
954 2715 1098 2778 imperabat.
1135 2714 1232 2778 Cupido
1248 2732 1307 2780 quo·

758 2811 806 2860 que
830 2795 925 2859 gloriae
950 2811 1001 2844 nou
1019 2797 1081 2845 adeo
1098 2797 1215 2856 nocebat,
1232 2812 1308 2863 quam

757 2877 852 2942 picria,
870 2878 985 2941 cupidine
1002 2877 1114 2941 quaesita
1129 2884 1154 2926 et
1170 2884 1248 2942 parta.
1263 2878 1307 2927 Di-

758 2959 865 3007 cendum
890 2959 972 3020 potius
990 2957 1087 3022 pieriae
1105 2958 1207 3022 cupido,
1224 2959 1307 3024 inpra-

160 3039 199 3086 vit
224 3037 341 3086 Paulino.
368 3037 494 3085 'Ilibunus
520 3037 592 3085 arido
608 3037 710 3095 didicit,
759 3045 807 3085 tac.
842 3034 950 3098 Cupido,
968 3039 1081 3086 modesta
1097 3047 1121 3087 et
1138 3041 1261 3101 prudens,
1279 3048 1307 3090 ut

163 3125 189 3167 et
203 3119 297 3180 ubique
313 3117 348 3165 sic
364 3129 389 3164 se
405 3119 494 3180 gessit,
511 3126 539 3167 ut
555 3119 603 3166 isto
617 3117 712 3166 honore
759 3117 974 3180 agricolanum
991 3119 1147 3182 puniebatur.
1157 3121 1239 3184 Igitur
1246 3123 1308 3174 haec

162 3199 257 3260 (lignus
279 3197 408 3245 videretur.
436 3198 505 3258 Quid
522 3212 580 3246 eum
596 3201 711 3248 movebat
757 3200 793 3247 ita
817 3199 973 3264 interpretari
998 3200 1122 3264 cogimur:
1138 3219 1202 3267 quae
1218 3207 1309 3269 cupido

163 3287 188 3330 et
198 3279 354 3336 stimulabat,
364 3278 410 3327 nisi
419 3279 508 3342 cupido
516 3279 628 3341 gloriae?
638 3281 712 3328 Hanc
757 3281 851 3344 gloriae
863 3283 961 3332 utinam
977 3297 1009 3332 ue
1026 3284 1130 3346 cepisset
1146 3285 1307 3348 Agricolam!

162 3376 247 3410 secum
273 3361 300 3407 in
327 3359 485 3408 Britanniam
511 3361 624 3422 gerebat,
646 3360 712 3410 hanc
757 3376 815 3410 cum
840 3363 908 3410 enim
933 3379 1024 3426 magna
1046 3364 1148 3412 militari
1165 3365 1232 3414 fama
1248 3368 1307 3416 emi-

163 3443 262 3500 statim‚
279 3441 361 3503 primo
378 3440 419 3488 die
430 3441 464 3489 ibi
478 3441 594 3490 ostendit.
613 3442 711 3491 Eanon
758 3442 864 3500 unisset,
882 3442 1056 3503 Domitianus,
1074 3446 1172 3493 sinistre
1188 3447 1307 3510 interpre-

162 3523 271 3572 trienuio
297 3521 348 3569 fere
370 3528 438 3584 post,
454 3527 599 3584 recuperata
615 3537 630 3569 a
648 3521 711 3571 Pau·
757 3528 836 3580 tatus,
855 3525 1026 3573 eumoccidit.

162 3606 215 3653 lino
231 3601 373 3666 provincia,
390 3601 499 3663 primum
515 3601 625 3649 intrarit.
645 3587 712 3650 Nam
792 3603 916 3666 Equidem
938 3605 985 3654 hoc
1010 3614 1083 3670 capnt
1108 3608 1193 3658 multis
1218 3609 1308 3674 glossis

162 3692 191 3733 ut
207 3685 255 3732 ista
270 3683 401 3744 leguntur,
414 3680 505 3744 picria,
524 3697 587 3744 quoe
596 3679 713 3729 indecem
758 3684 928 3747 inquinatum,
954 3693 978 3734 at
1000 3703 1015 3735 a
1033 3688 1120 3738 Tacito
1138 3691 1173 3739 sic
1189 3694 1308 3758 scriptum

163 3765 249 3822 cessit,
267 3763 380 3811 animum
398 3761 531 3824 Agricolae
548 3763 659 3825 cupidini
667 3763 711 3810 mi·
758 3779 810 3815 esse
827 3766 943 3816 coniicio:

209 3896 315 3960 Prima
341 3907 517 3960 castrorum
541 3895 719 3962 rudimenta
740 3899 772 3962 iu
798 3899 960 3966 Britannia
986 3901 1137 3968 Suetonio
1152 3905 1305 3984 Paulino,

163 4001 310 4089 diligenti
343 4023 379 4065 ac
410 3999 572 4066 moderato
603 4001 696 4080 duci,
722 4005 923 4094 approbarit,
948 4007 1086 4087 electus,
1112 4033 1206 4098 quern
1231 4033 1306 4090 conf

164 4107 312 4173 tubernio
349 4107 538 4173 aestimaret.
588 4109 655 4174 Nec
692 4109 856 4198 Agricola,
886 4135 973 4178 more
997 4115 1166 4193 iuvenum,
1193 4115 1231 4180 ad
1256 4141 1307 4182 ro·

163 4213 301 4302 luptates
336 4223 367 4276 ct
403 4225 597 4278 commeatus
630 4215 758 4280 titulum
782 4217 960 4282 tribunatus
985 4231 1015 4282 et
1039 4220 1195 4284 inscitiam
1219 4236 1307 4288 retu·

164 4316 222 4397 lit;
261 4314 315 4380 sed
351 4339 478 4382 noscere
513 4321 727 4407 provinciam,
765 4343 893 4387 noscere
928 4325 1120 4404 exercitum,
1146 4325 1307 4398 disceres

165 4422 293 4510 peritis,
331 4424 420 4510 sequi
449 4424 604 4512 optimos,
640 4426 720 4491 nihil
756 4440 903 4516 appetere
927 4429 960 4494 in
984 4430 1203 4516 iactationem,
1229 4438 1308 4502 nihil
