3130 5308
654 527 833 575 AdlthOLb·

1258 457 1348 579 mr

166 709 225 764 tes
260 694 355 762 simul
389 714 544 782 equorum
576 694 758 784 corporibus
781 693 1043 783 impellerentur;
1071 717 1107 761 ac
1130 718 1224 786 saepe
1248 700 1318 787 sagi

168 823 315 878 currus,
351 800 490 865 exterriti
525 799 592 864 sine
627 800 800 865 rectoribus
824 801 918 888 equi,
944 813 979 864 ut
1002 821 1161 889 quemque
1183 803 1318 868 formido

169 905 316 983 tulerat,
341 917 530 970 transuersos
553 916 608 969 aut
631 905 737 972 obrias
760 905 974 970 incursabant.

226 1009 392 1076 XXXVII.
430 1010 471 1074 Et
494 1009 654 1088 Britanni,
680 1010 736 1098 qui
759 1009 863 1075 adbuc
885 1033 1010 1098 pugnae
1033 1023 1174 1100 expertes
1196 1034 1318 1079 summa

172 1115 311 1182 collium
335 1113 513 1180 insederant
533 1125 565 1180 et
588 1115 789 1204 paucitatem
805 1126 982 1180 nostrorum
1006 1118 1096 1181 uacui
1120 1117 1320 1206 spernebant,

172 1219 309 1309 degredi
343 1218 497 1306 paulatim
531 1231 563 1286 et
596 1218 763 1284 circumire
795 1230 882 1306 terga
907 1220 1101 1284 uincentium
1127 1235 1320 1309 coeperant,

172 1325 215 1391 ni
249 1323 407 1412 idipsum
429 1323 545 1389 teritus
574 1323 718 1412 Agricola
742 1336 878 1411 quatuor
901 1324 1047 1411 equitum
1070 1324 1158 1402 alas,
1183 1325 1223 1390 ad
1247 1328 1320 1392 sub·

172 1433 225 1496 ita
258 1428 334 1495 belli
366 1439 520 1508 retentas,
556 1428 755 1495 venientibus
790 1429 1005 1517 opposuisset,
1031 1442 1214 1518 quantoque
1237 1431 1324 1498 fero·

175 1536 250 1601 cius
284 1545 547 1610 accucurrerunt,
580 1544 669 1598 tanto
691 1534 793 1599 acrius
817 1534 923 1623 pulsos
946 1535 979 1598 in
1002 1533 1110 1623 lugam
1134 1535 1318 1606 disiecisset.

175 1639 231 1706 Ita
266 1638 432 1704 consilium
467 1635 693 1704 Britannorum
726 1639 760 1702 iu
794 1637 876 1727 ipsos
899 1661 1040 1716 versum,
1064 1651 1324 1732 transvectaeque

177 1861 255 1906 mm,
272 1852 296 1896 et
310 1859 397 1894 cunas
412 1845 471 1908 vagi
487 1852 513 1894 et
528 1847 733 1910 equieiuereoto·
779 1861 836 1896 oum
867 1848 991 1912 equitibus
1015 1848 1095 1909 magis
1119 1848 1227 1910 pedestri
1251 1863 1328 1913 quam

176 1929 253 1979 athas
276 1928 376 1976 ordines
400 1933 498 1975 nomos
520 1932 673 1976 umsversos
690 1933 733 1976 ent
779 1928 887 1991 equestri
904 1942 973 1976 more
990 1934 1152 1986 concurrant,
1169 1935 1263 1991 quanto
1276 1944 1327 1978 me.-

178 2009 272 2060 obrios
294 2007 454 2056 incursabant
470 2007 659 2072 turbabautqae.
686 2007 732 2059 Or·
778 2009 817 2071 gis
833 2017 972 2058 memoratu
988 2009 1093 2070 dignum
1109 2013 1175 2066 eret,
1193 2008 1229 2066 si,
1245 2015 1273 2057 ut
1290 2009 1328 2058 in·

178 2090 258 2139 dines
271 2095 356 2138 temen
373 2103 425 2136 nou
441 2090 641 2151 perrumpebeut.
664 2089 733 2138 Nam
778 2095 816 2137 ter
833 2090 928 2152 equites
944 2089 1329 2151 etcoriuuerios‚pleneamore

180 2170 270 2220 densis
292 2169 434 2232 agminibus
450 2169 561 2218 hostium
578 2175 602 2217 et
618 2169 680 2219 locis
696 2169 732 2218 iu·
778 2170 877 2232 vulgari
892 2170 1070 2219 discedendum
1087 2169 1169 2218 essetl
1188 2166 1330 2220 Intulerant

180 2251 329 2314 aequalibus
344 2249 488 2299 haerebant.
506 2249 598 2312 Pagae
614 2248 733 2298 adsalto
779 2257 896 2298 recentem
921 2258 1050 2309 terrorem,
1076 2257 1189 2313 ternpore
1210 2258 1235 2301 et
1251 2251 1329 2302 conti»

181 2331 268 2382 manis
292 2345 344 2379 non
365 2336 418 2378 eret
433 2343 558 2392 prospera.
576 2329 733 2388 Accedebat,
780 2344 830 2378 nne
846 2331 886 2390 vi,
902 2345 967 2394 quae
982 2331 1128 2394 plerumque
1145 2337 1182 2380 est
1199 2331 1328 2382 iuraceuti

182 2413 254 2477 quod
270 2410 401 2469 Britanni,
417 2410 498 2458 adhue
514 2410 733 2468 vucui‚demoute
780 2416 887 2470 terrore,
904 2411 955 2469 ira,
971 2412 1057 2460 dolore
1073 2413 1129 2460 sim.
1140 2411 1237 2460 Annei.
1247 2411 1327 2461 XIV.

183 2493 408 2556 degrediebautur,
439 2496 463 2540 et
488 2497 558 2554 terge
581 2491 735 2548 cohortium,
782 2496 823 2540 23.
852 2489 917 2539 Post
942 2490 1024 2540 deleta
1048 2488 1192 2551 Artanatc,
1219 2491 1332 2542 utendum

183 2587 251 2640 quae
266 2573 372 2623 feliciter
386 2585 441 2620 rem
456 2571 736 2634 gesserent,circu1uire
781 2570 874 2621 receuti
899 2580 994 2620 terrare
1017 2580 1097 2622 ratus.
1124 2574 1179 2624 111.
1205 2578 1229 2623 2.
1247 2571 1330 2640 Lonqo

184 2655 347 2719 incipiebant.
366 2653 434 2702 Tum
451 2652 586 2714 Agricola,
603 2652 735 2715 cnmeqni·
782 2666 890 2700 moerore
909 2653 1011 2715 sessum
1036 2653 1100 2703 obuii
1124 2663 1148 2703 et
1174 2663 1282 2704 recentes
1306 2655 1332 2704 in

185 2742 239 2794 tes,
253 2736 296 2800 qui
303 2734 453 2797 ingererem
460 2732 631 2803 covinnarius,
640 2747 666 2782 se
675 2747 736 2782 nou·
783 2732 866 2782 doure
883 2733 1017 2782 anteibant.
1035 2734 1059 2783 I.
1077 2740 1118 2784 41.
1135 2733 1231 2786 Recens
1248 2733 1332 2784 dolore

185 2817 250 2866 dum
272 2816 443 2878 collegissent,
468 2819 574 2878 quatuor
601 2815 653 2863 alas
671 2813 738 2877 equi·
783 2822 807 2862 et
823 2811 872 2864 ira.
890 2815 924 2862 nt
941 2829 984 2877 per
1001 2816 1124 2864 ablativos
1132 2819 1266 2866 absolutos.
1277 2817 1332 2866 An-

186 2904 257 2957 tum,
274 2898 306 2946 ad
322 2896 404 2946 subite
419 2895 479 2944 belli
492 2895 735 2953 retentes,immisit.

189 2978 250 3040 Quo
270 2977 349 3035 fecto,
366 2976 506 3026 dubitantes
523 2976 677 3040 confirmati,
694 2990 737 3038 pu·

187 3073 242 3124 gne
256 3059 382 3115 rasurum,
400 3069 471 3106 verse
487 3057 599 3115 fortune,
617 3063 642 3106 et
658 3057 737 3105 cousi·

187 3140 255 3189 lium
272 3138 452 3188 Britannorum
467 3138 494 3186 in
511 3139 576 3200 ipsos
584 3151 685 3187 versum
693 3142 738 3185 est.

189 3220 224 3270 In
248 3219 325 3268 Livio
340 3218 408 3268 locus
425 3224 476 3276 est,
493 3219 537 3282 qui
553 3233 611 3268 cum
627 3219 675 3267 hcc
691 3217 738 3266 Te·

190 3300 234 3350 citi
263 3299 402 3363 comparari
426 3306 548 3358 meretur,
575 3299 672 3348 XXII.
697 3302 738 3350 47.

191 3379 293 3430 Deinde
324 3379 430 3444 equitum
461 3379 589 3430 Gallorum
614 3377 740 3445 Hispano·

783 2895 834 2942 nel.
861 2894 900 2945 11.
926 2899 966 2944 84.
984 2893 1090 2944 Recenti
1106 2896 1186 2946 adbuc
1201 2897 1332 2946 moestitia.

784 2974 835 3022 IV.
864 2977 902 3022 15.
927 2971 1032 3022 Recenti
1052 2976 1166 3024 memoria
1185 2975 1332 3025 Germanici.

785 3054 886 3103 Tacitus
910 3061 978 3103 umet
994 3055 1138 3105 huiusmodi
1155 3057 1289 3114 ablativos,
1305 3062 1335 3104 ut

784 3134 880 3184 Annei.
897 3134 948 3184 IV.
967 3141 1008 3184 33.
1025 3131 1125 3199 Iqitur,
1142 3145 1170 3186 ut
1184 3136 1255 3196 olim,
1261 3135 1333 3202 plebe

785 3214 884 3274 ualida,
905 3215 956 3274 uel,
974 3232 1027 3266 eum
1040 3225 1130 3282 patres
1144 3217 1278 3283 pollerent,
1295 3235 1335 3267 no·

785 3295 875 3346 scentia
895 3296 962 3362 aalqi
977 3306 1082 3358 nutura,
1100 3307 1137 3358 et,
1154 3298 1334 3362 quibusmodis

787 3386 950 3442 temperanter
975 3377 1118 3438 tenuetur,
1141 3387 1290 3442 senatusque
1312 3387 1336 3427 et

191 3476 293 3525 rumque
317 3460 410 3510 namn
426 3477 500 3510 cornu
517 3477 570 3512 cum
586 3459 672 3510 dentre
689 3458 740 3508 Ro·
787 3455 939 3521 optimatium
955 3457 1060 3522 inqenia,
1076 3459 1119 3522 qui
1135 3459 1237 3508 maxime
1251 3459 1337 3524 perdi·

192 3557 263 3592 muno
279 3541 419 3596 concurritc
436 3540 531 3590 minima
548 3539 742 3604 equestrismore
787 3535 910 3596 dianam,
937 3536 1024 3586 callidi
1049 3546 1181 3603 temporum
1198 3547 1222 3588 et
1239 3539 1337 3605 sapien·

189 3637 306 3689 pugnae:
326 3620 457 3687 frontibus
482 3621 543 3672 euim
559 3619 671 3669 aduersis
688 3635 741 3669 con·
788 3627 824 3667 tes
845 3617 1019 3668 credebantur.-
1045 3617 1097 3680 sic,
1115 3635 1228 3669 conuersa
1252 3629 1335 3682 statu,

193 3700 339 3752 currendum
363 3709 433 3751 erat.-
448 3701 524 3767 quia,
541 3700 607 3750 nullo
623 3701 692 3751 circa
708 3699 744 3749 ad
788 3713 865 3763 neque
888 3697 942 3748 atta
965 3714 1060 3759 rerum,
1083 3717 1156 3766 quam
1180 3701 1203 3751 ei
1219 3717 1281 3751 unus
1296 3701 1338 3750 r‘m·

193 3782 345 3849 euaqandum
368 3781 455 3832 relicta
476 3783 572 3848 epatio,
594 3781 649 3832 irinc
665 3780 743 3830 amnis
785 3779 891 3846 paritet,
908 3779 969 3828 laec
986 3781 1098 3846 conquiri
1113 3781 1229 3847 tradique
1245 3783 1271 3832 iu
1286 3798 1338 3831 rem

193 3863 379 3930 trinepotum
392 3863 460 3912 acies
476 3862 622 3914 obsedebant
637 3861 663 3912 in
679 3861 743 3912 dire·
783 3859 877 3925 suerit.
904 3861 955 3910 Pro
972 3875 1048 3926 neque
1074 3860 1127 3911 alia
1151 3877 1246 3922 rerum,
1270 3865 1338 3926 quod

195 3954 259 3996 mum
283 3944 404 4009 utrimque
428 3943 539 3994 nitentes.
566 3941 695 3993 Stantibue
713 3958 744 3992 ac
789 3943 921 3992 manifeste
944 3949 1096 4006 corruptum,
1112 3943 1246 4006 legendum
1262 3950 1339 4007 puto:

194 4025 320 4091 consertis
348 4032 472 4090 postremo
503 4026 576 4074 turbu
599 4023 681 4088 equis,
705 4023 745 4074 uir
791 4038 867 4087 neque
876 4021 926 4072 alic
934 4022 1057 4085 reqimine.
1067 4023 1168 4086 Lipsius
1176 4024 1340 4074 volebatcne·

195 4107 277 4158 uirum
300 4105 428 4170 amplexus
451 4104 596 4156 detrahebat
612 4121 688 4169 equo,
702 4119 745 4169 pe·
792 4120 839 4168 qne
855 4103 909 4153 alia
925 4101 1081 4152 rcRomuna.
1100 4103 1219 4153 Ceterum
1233 4104 1341 4168 Wexius

196 4187 281 4238 destre
304 4201 393 4251 maqna
417 4186 467 4235 iam
491 4194 611 4251 exparte
627 4193 748 4236 certamen
792 4198 904 4248 quoqu&
919 4204 930 4224 n
938 4198 1021 4232 recens
1031 4191 1111 4232 terror
1120 4184 1222 4247 est,qui
1230 4187 1305 4234 modo
1313 4187 1342 4236 il·

193 4251 299 4334 suctum
313 4275 377 4316 eat.
394 4265 434 4318 Gi.
451 4266 532 4318 Tacit.
541 4266 636 4315 Annei.
646 4267 696 4316 VI.
705 4269 747 4315 35.
792 4267 859 4315 letus
876 4269 926 4322 est,
942 4269 970 4311 ut
987 4263 1130 4313 etiamnunc
1146 4263 1199 4312 rim
1212 4264 1342 4318 habiturus

200 4350 284 4414 ibique
304 4349 375 4412 Lips.
398 4349 455 4398 Iam
471 4349 493 4398 si
509 4347 639 4411 scriptores
656 4361 748 4397 memo·
796 4360 849 4396 esse
865 4342 1005 4394 videatur.''

199 4437 256 4482 retu
281 4430 387 4494 dignum
411 4436 512 4494 putent,
537 4429 638 4494 quaudo
656 4427 750 4490 aquius
769 4443 776 4488 1
831 4425 867 4476 Et
884 4422 1012 4474 Britanni.
1031 4425 1102 4477 Haec
1119 4430 1185 4475 arcte
1201 4442 1259 4478 cum
1276 4437 1343 4482 ente·

1186 4514 1214 4556 19
