3130 5308
243 519 306 580 tuo
675 529 825 575 connsmt
850 527 962 575 rscrrr

242 697 351 763 narius
380 719 477 787 eques
504 699 635 786 strepitu
668 719 704 762 uo
727 695 869 760 discursu
893 695 1083 786 complebat.
1130 697 1210 764 Tum
1237 695 1390 792 Agricole

244 813 414 892 superante
440 803 577 868 hostium
610 799 813 866 multitudine
838 802 976 880 teritus,
1011 823 1052 867 ne
1075 803 1108 866 in
1130 805 1270 872 frontem
1291 809 1392 877 simul

244 919 277 973 et
299 907 398 973 lutere
421 929 549 972 suorum
573 916 791 996 pugnaretur,
822 903 958 971 diductis
980 905 1162 984 ordinibus,
1190 933 1390 1001 quemquern

244 1012 419 1101 porrectior
441 1013 522 1078 scies
552 1013 659 1076 lutura
682 1022 770 1087 erat,
802 1021 833 1075 et
857 1009 1054 1077 arcessendus
1077 1011 1222 1102 plerique
1245 1015 1391 1105 legiones

244 1195 349 1257 Cseser,
366 1211 444 1262 quum
460 1196 487 1246 in
508 1197 560 1246 soie
577 1195 722 1246 Phurselioe
737 1210 791 1260 pro·
837 1197 873 1245 itu
888 1211 913 1245 r.
922 1211 945 1244 e.
959 1209 1027 1246 esox
1040 1197 1181 1258 ordinibus,
1194 1212 1310 1254 connexe
1320 1204 1391 1253 serie

245 1278 378 1337 clamores,
394 1285 423 1326 ut
439 1276 530 1326 duiitn
543 1286 700 1342 parceretur.
837 1277 916 1325 cltero
931 1283 987 1339 post
1008 1277 1114 1326 ultorum
1131 1281 1270 1343 stennius,
1294 1285 1390 1336 fierent

243 1383 245 1387 ·
279 1355 316 1406 Et
341 1356 475 1417 currilium,
500 1358 525 1406 si
545 1357 705 1422 pellerentur.
739 1357 792 1406 Pro
837 1363 895 1406 tres.
914 1356 957 1406 Sic
972 1357 1086 1407 Frontis.
1105 1358 1215 1425 Strateg.
1232 1363 1270 1412 Π.
1288 1377 1327 1414 111.
1344 1369 1389 1414 12.

245 1437 365 1488 cnsilium
381 1439 484 1488 mollem
497 1437 637 1489 subsidium.
656 1437 793 1487 Antecedit
842 1435 1005 1486 Cleandridos
1032 1435 1241 1491 Lacedaemonius
1266 1443 1390 1494 carosus

242 1518 355 1586 peditum
379 1519 485 1570 currilia.
515 1519 558 1568 Sic
578 1520 691 1582 legiones
711 1524 793 1567 essent
837 1513 952 1566 Lucanos
976 1517 1075 1567 densam
1098 1519 1217 1570 instruoit
1240 1523 1331 1586 aciem
1356 1535 1391 1576 ut

246 1601 366 1650 ancilium
389 1600 500 1650 auxiliis.
532 1600 634 1650 Tecitus
648 1598 792 1648 etnlibidi·
839 1597 906 1661 lanpe
928 1598 1029 1647 minoris
1050 1600 1171 1650 exercitus
1192 1603 1297 1666 speciem
1312 1621 1390 1669 proe-

244 1682 350 1740 stinxit,
367 1687 393 1729 et
408 1679 540 1730 subsidium
556 1680 645 1729 melius
662 1678 700 1727 illi
712 1679 793 1742 uppel·
839 1679 912 1728 beret.
931 1677 1031 1728 Securis
1047 1677 1133 1728 demde
1148 1681 1270 1745 hostibus,
1287 1685 1313 1734 in
1330 1686 1390 1750 ipso

246 1761 345 1820 lentur,
363 1761 395 1809 ed
411 1775 473 1824 qnos
486 1761 570 1826 pulsis
586 1767 623 1810 est
637 1759 793 1824 perfugium,
840 1758 970 1808 certamine
985 1757 1083 1808 diduxit
1098 1761 1212 1823 ordines,
1229 1773 1252 1813 ct
1269 1780 1286 1814 o
1303 1759 1390 1816 luteri-

246 1855 323 1904 quem
336 1841 362 1888 in
377 1841 602 1904 quibusauaeilium.
620 1841 716 1890 Annei.
726 1841 794 1890 XII.
839 1841 883 1888 bus
900 1839 1072 1888 circumventos
1088 1856 1129 1888 eos
1138 1841 1224 1906 fudit.
1242 1845 1315 1894 Idem
1321 1849 1390 1897 mul·

247 1927 288 1972 29.
318 1919 448 1985 Lepionent
469 1923 573 1988 ipsoque
590 1921 748 1987 eprovincio
764 1920 794 1970 le·
840 1925 866 1970 to
888 1920 985 1969 fecilior
1008 1921 1188 1984 exprimeretur
1204 1925 1322 1988 legendo:
1348 1925 1392 1976 dc·-

247 2011 289 2052 cto
306 2001 404 2050 auxilia
421 2019 471 2066 pro
485 2003 545 2068 ripa
562 2010 725 2067 componeret,
742 2003 795 2050 sub-
841 1999 921 2050 ductis
938 1999 1055 2050 cornibus.
1073 2001 1131 2050 Duo
1145 2005 1260 2068 exemplu
1277 2007 1391 2058 Lirinus

246 2081 310 2131 sidio
333 2081 419 2142 uictis,
445 2091 469 2131 et
490 2092 607 2132 terrorem
628 2082 745 2131 adversus
760 2082 795 2131 ri·
841 2084 984 2131 ostendent:
1003 2081 1111 2131 XXXI.
1129 2087 1170 2133 21.
1187 2082 1219 2134 L.
1233 2084 1335 2150 Valerio
1343 2089 1391 2137 im·

240 2171 336 2211 ¹atores.
354 2163 423 2212 Hist.
441 2161 474 2213 V.
494 2169 533 2213 ll.
559 2163 650 2214 Iudaei
666 2165 708 2212 sub
728 2164 796 2228 ipsos
837 2171 915 2226 perat
921 2199 928 2222 ,
945 2170 973 2211 ut
985 2171 1061 2227 parte
1075 2161 1179 2211 dotorum
1193 2163 1307 2229 legionum
1317 2169 1392 2232 equi-

246 2257 328 2292 muros
348 2251 460 2292 struxere
481 2245 570 2304 aciem,
594 2246 665 2293 rebus
682 2243 795 2292 secundis
841 2251 890 2302 ies,
907 2242 989 2292 attero
1005 2243 1125 2292 sociorum
1141 2245 1273 2308 equitatum
1289 2247 1314 2296 in
1331 2265 1390 2298 cor-

239 2323 343 2388 ·ionpius
359 2325 459 2385 ausuri,
478 2333 513 2384 et,
532 2324 554 2373 si
566 2325 733 2389 pellerentur,
747 2339 794 2389 pa·
840 2339 888 2371 ntta
904 2323 1006 2372 iamiam
1023 2324 1131 2385 emittet,
1153 2341 1196 2374 nee
1211 2326 1390 2378 circumvenire

247 2414 305 2455 rato
318 2406 449 2471 persupio.
466 2403 584 2456 Subsidia
596 2406 742 2470 plerumque
750 2419 793 2454 no·
840 2419 880 2452 ecs
900 2404 977 2452 eciem
995 2404 1122 2468 patiatur.
1138 2403 1214 2454 Simul
1229 2413 1252 2454 et
1268 2406 1334 2472 ipse,
1352 2419 1389 2460 set

239 2488 386 2544 minentur,
412 2487 456 2550 qni
472 2487 568 2535 nullum
583 2499 682 2550 pugnae
697 2491 794 2548 portem
838 2493 993 2534 extenuatam
1012 2482 1116 2534 mediam
1140 2484 1246 2535 diductis
1269 2489 1388 2540 cornibus

241 2573 392 2629 capessunt,
409 2567 458 2615 nisi
471 2581 549 2630 qutun
565 2581 665 2616 neeesse
682 2566 721 2614 sit.
838 2564 914 2612 aciem
942 2561 1070 2614 Gallorum
1092 2564 1168 2626 uidit,
1194 2567 1265 2631 sipm
1283 2567 1387 2633 inferre

285 2645 792 2710 covinnariusepues.Formatumnomen
838 2646 965 2709 consertos
988 2645 1079 2694 milites
1099 2653 1123 2694 et
1142 2661 1301 2714 perrumpere
1316 2649 1386 2701 ordi-

246 2727 362 2776 seooino
380 2728 423 2775 sel
444 2727 557 2788 covinno,
578 2733 607 2775 ut
624 2725 745 2775 essedarii
761 2728 792 2774 ab
838 2740 879 2774 nes
895 2724 967 2775 iubet.
986 2727 1021 2776 V.
1038 2732 1079 2777 88.
1106 2723 1237 2776 Instruunt
1252 2728 1328 2778 aciem
1344 2731 1384 2781 di·

244 2805 340 2854 essedo.
363 2803 485 2854 Essedum
509 2821 561 2856 vox
582 2807 686 2870 originis
708 2807 791 2870 Belgi
837 2804 935 2855 ductum
950 2807 976 2855 in
990 2821 1093 2867 emuna,
1110 2822 1139 2856 ne
1148 2807 1315 2858 circumueniri
1322 2812 1386 2861 mul·

240 2885 791 2946 -ons‚corinnus13ritsnntese.Nomenesse-
837 2885 941 2935 titudine
974 2887 1076 2936 hostium
1096 2897 1218 2951 possent.-
1236 2905 1278 2938 nec
1303 2899 1385 2942 temen

247 2967 332 3017 dorum
348 2974 373 3017 et
390 2969 466 3032 ipsius
482 2969 591 3018 vehiculi
603 2983 662 3017 usus
677 2969 719 3018 diu
735 2975 793 3018 unte
837 2967 943 3030 aequari
952 2969 1056 3031 frontes
1072 2976 1204 3032 poterant,
1230 2987 1301 3034 quum
1317 2981 1385 3022 ente-

239 3062 341 3098 ·nomen
363 3055 388 3097 et
409 3063 483 3098 usum
508 3049 658 3098 covinnorum
674 3049 791 3099 innotuit.
836 3046 946 3107 ruendo,
972 3049 1094 3110 infinnom
1115 3057 1140 3098 et
1160 3049 1203 3098 aiu
1219 3051 1385 3105 codnmsntem

238 3128 318 3176 ⁴Hinc
333 3127 427 3176 fectum
440 3136 468 3178 ut
484 3136 579 3180 veteres
594 3128 681 3176 esseda
690 3143 792 3179 vocave-
836 3127 938 3176 mediam
953 3126 1030 3176 aciem
1045 3129 1167 3179 laimunt.

240 3208 311 3266 xrint,
333 3221 397 3271 quse
414 3209 509 3257 corioni
525 3215 595 3258 erent
611 3210 724 3258 nocendi.
755 3210 793 3259 Hi
872 3207 1023 3272 Quamquam
1040 3209 1181 3274 porrectior
1202 3212 1268 3262 acies
1283 3215 1386 3278 sutura

246 3293 360 3350 tempore
390 3285 490 3336 Oleudii
519 3290 554 3338 sic
577 3289 688 3353 primum
711 3291 793 3340 vocuti
830 3297 900 3338 ¹erat.
918 3291 975 3338 Hoc
991 3290 1086 3352 ipsum,
1109 3292 1137 3340 ni
1153 3291 1238 3352 fallor,
1260 3291 1387 3356 Agricola.

237 3369 455 3420 -tuissertdensun
469 3367 791 3433 AccurutePompon.Me·
835 3369 947 3428 volebam
972 3370 1029 3420 ideo
1053 3372 1153 3421 ordines
1177 3374 1217 3422 vel
1239 3387 1332 3423 cornus
1345 3376 1387 3427 di-

245 3453 272 3500 le
288 3451 343 3500 111.
360 3465 397 3501 st.
413 3447 542 3500 Dimicent
558 3467 604 3500 non
620 3451 731 3514 equitatu
744 3467 790 3501 mo·
836 3449 954 3510 durrat,
972 3458 1000 3500 ut
1013 3452 1078 3502 scies
1091 3454 1161 3503 fieret
1169 3453 1308 3517 porrectior.
1328 3457 1389 3508 Ex.

238 3530 296 3590 ·do,
312 3545 394 3578 uerum
411 3539 435 3578 et
451 3529 513 3594 bipis
531 3540 555 3581 et
571 3532 696 3592 curribus,
717 3529 795 3582 tratti
839 3532 926 3595 plicari
942 3539 1023 3595 potest
1034 3535 1220 3597 quodammodo
1230 3535 1389 3600 porrectior,

247 3625 274 3657 ee
299 3610 402 3668 armati,
434 3611 530 3658 somnos
559 3621 659 3672 nocent,
695 3629 795 3677 quorum
830 3613 915 3662 nimis
930 3618 1055 3676 porrecto,
1080 3615 1156 3664 nimis
1172 3615 1287 3676 dilatate,
1304 3629 1388 3682 eoque

251 3688 357 3742 falcatis
378 3689 465 3738 oribus
481 3697 590 3740 utuntur.
609 3693 698 3756 Inepte
715 3694 794 3742 Luce·
840 3695 914 3743 simul
938 3693 1022 3743 minus
1044 3696 1131 3755 deuse,
1159 3697 1203 3746 sed
1226 3697 1319 3756 rarior,
1342 3713 1387 3747 ve-

247 3785 296 3820 nus
313 3771 340 3830 1,
359 3775 415 3820 426.
434 3768 472 3819 Et
490 3768 577 3819 docilis
593 3780 674 3820 rector
689 3775 795 3823 rostrati
839 3775 907 3834 nior,
930 3776 1010 3838 magis
1032 3782 1174 3826 extenuate.
1193 3778 1323 3827 Exoidisse
1340 3779 1388 3828 sli-

242 3851 331 3918 'Belpa
347 3851 434 3901 covini.
453 3851 482 3901 Si
495 3857 579 3900 tumen
587 3864 685 3910 versus,
696 3858 724 3901 ut
732 3855 794 3902 mul·
838 3855 900 3918 quiri
920 3857 1041 3919 suspicor,
1066 3857 1143 3920 quele
1157 3873 1182 3906 v.
1200 3873 1222 3907 e.
1240 3873 1389 3922 quemquam

235 3935 267 3983 ni
283 3935 310 3983 in
326 3934 448 3982 relatione
463 3933 512 3982 istu
529 3929 716 3995 Geogrsphice,
742 3950 793 3984 non
836 3935 976 3997 porrectior
998 3937 1064 3985 acics
1086 3953 1160 4002 quom·
1175 3939 1297 3986 robustior
1307 3939 1388 4002 sutre-

246 4017 279 4066 sit
296 4015 401 4078 spurius.
829 4029 871 4063 *ro
887 4023 951 4067 erat.
969 4015 1048 4066 Acies
1063 4019 1179 4068 cornibus
1193 4020 1389 4070 extent-isfiebct

238 4111 240 4116 ·
281 4093 401 4144 Diductis
418 4091 552 4143 ordinibus.
567 4093 627 4143 Hoc
643 4099 692 4144 est:
718 4109 753 4144 ne
767 4097 793 4146 in
829 4096 951 4158 longior,
968 4099 1012 4146 sed
1029 4111 1059 4147 eo
1075 4099 1130 4163 ipso
1145 4099 1279 4150 infirmior.

247 4176 357 4225 frontem
378 4175 453 4223 simul
476 4179 500 4224 et
522 4175 600 4224 lutere
625 4190 726 4226 suorum
750 4192 793 4241 pu·
872 4175 974 4226 Firmus
985 4177 1105 4228 aduersis.
1128 4180 1222 4230 Utrum
1237 4195 1283 4246 pro
1293 4183 1390 4245 finnus

249 4263 378 4318 gnoretur,
396 4253 494 4304 ordines
502 4255 647 4316 diduoit‚et
654 4257 731 4306 stetit.
746 4256 794 4306 Di-
840 4257 866 4306 in
883 4257 1007 4319 adversis,
1029 4267 1058 4318 nt
1081 4261 1172 4311 Horat.
1200 4261 1283 4312 Cornu.
1301 4263 1341 4313 ΙΙ.
1359 4281 1390 4317 x.

237 4335 321 4384 ducit
342 4335 441 4386 ordines
461 4337 602 4400 significare
618 4338 705 4396 debet,
731 4339 794 4389 ordi·
840 4336 924 4388 Rebus
940 4341 1052 4405 angustis
1069 4342 1191 4392 animosus
1211 4351 1286 4409 atque
1300 4343 1394 4396 Fortis

250 4429 302 4464 nes·
321 4429 353 4467 ex
376 4415 505 4468 tutioribus
529 4417 587 4470 fecit
603 4418 741 4482 longiores,
766 4425 794 4472 ut
819 4435 952 4512 *oppam
979 4420 1141 4488 (quemquem
1164 4428 1198 4480 ibi
1223 4436 1248 4482 et
1264 4429 1395 4482 ablativus
