3074 5310
637 557 809 604 xonrcoxr.
1214 542 1280 606 185

148 731 197 786 tos
240 730 380 788 vetorum
422 717 508 784 relut
553 715 701 806 inglorios
742 731 774 785 et
808 719 972 809 ignobiles
994 721 1111 790 oblivio
1143 724 1279 807 obruet;

146 966 301 1032 incolumi
329 963 498 1054 dignitate,
521 965 654 1030 florente
677 965 779 1044 lama,
804 965 894 1031 salvis
918 966 1122 1036 affinitatibus
1144 984 1177 1038 et
1199 974 1281 1040 ami-

146 1072 245 1146 uitiis,
278 1083 379 1161 potest
411 1071 508 1138 rideri
539 1073 634 1140 stiam
663 1075 772 1138 beatus
793 1071 900 1137 futura
923 1072 1076 1161 effugisse.
1112 1075 1196 1144 Nam
1218 1080 1277 1148 sis*

146 1177 196 1242 nti
229 1176 356 1244 durasse
389 1177 422 1242 in
456 1176 539 1244 banc
573 1179 741 1245 beatissimi
772 1177 869 1243 seculi
892 1178 1018 1258 lucem,
1042 1203 1079 1248 ac
1101 1184 1279 1275 principem

147 1281 319 1350 Traianum
353 1282 474 1359 ridere,
510 1285 594 1371 qnod
621 1286 752 1374 augurio
776 1284 916 1372 votisque
939 1283 1022 1374 apud
1040 1299 1162 1353 nostras
1187 1307 1276 1357 aures

144 1387 387 1467 ominnbsmur,
422 1388 540 1478 prende
572 1391 718 1458 solatium
752 1389 846 1468 tulit;
881 1390 927 1454 ita
956 1409 1090 1480 magnae
1113 1393 1279 1464 cuiusdam

143 1491 304 1560 felicitatis
327 1506 374 1562 est
393 1494 539 1560 festinata
561 1508 663 1564 morte
685 1496 814 1562 erasisse
838 1507 1030 1583 postremum
1049 1497 1128 1564 illud
1140 1511 1276 1589 tempus.

144 1622 209 1688 quo
244 1599 441 1666 Domitianus
472 1623 536 1666 non
570 1603 633 1668 iam
664 1625 727 1692 per·
744 1600 907 1668 intervalla
929 1623 968 1668 ac
988 1603 1198 1692 spirauseuta,
1222 1605 1275 1674 ssd

145 1705 353 1776 continuoet
376 1706 460 1772 relut
486 1728 550 1771 uno
572 1707 661 1773 hiatu
686 1705 918 1797 rempublicam
941 1705 1095 1776 exhausit.

189 1810 262 1877 Non
297 1810 372 1878 sidit
404 1811 547 1900 Agricola
569 1813 724 1878 obsessam
748 1812 867 1878 curiam
891 1824 922 1877 et
946 1812 1089 1880 clausum
1115 1815 1208 1881 armis
1230 1839 1277 1883 se·

142 1929 276 1996 natum,
311 1926 343 1982 et
366 1916 476 1982 eedem
501 1931 602 2008 strage
625 1929 671 1984 tot
691 1917 902 1984 consularium
928 1917 1054 1998 caedes,
1078 1927 1125 1985 tot
1149 1916 1279 1986 nobilis·

143 2025 295 2091 simarum
326 2021 514 2090 feminarum
551 2021 657 2090 exsilia
691 2037 723 2090 et
755 2023 856 2114 fugas.
904 2019 976 2090 Una
1012 2021 1116 2092 adhuc
1147 2026 1276 2092 victoria

143 2129 241 2196 Carus
275 2129 389 2196 Metius
417 2129 624 2208 censebatur,
652 2143 683 2195 et
706 2131 789 2194 intra
813 2128 969 2194 Albanam
992 2152 1096 2196 arcem
1121 2132 1276 2198 sententia

141 2236 303 2303 Messalini
337 2234 510 2322 strepebat,
545 2248 576 2300 et
608 2235 709 2301 Massa
734 2234 868 2301 Baebius
893 2235 1076 2301 etiamtum
1101 2257 1172 2303 reus
1194 2249 1273 2303 erat.

141 2341 216 2408 Mox
238 2353 362 2406 nostrae
383 2339 499 2406 duxere
523 2340 702 2407 Helvidium
725 2343 757 2406 in
781 2363 941 2406 carcerem
965 2364 1094 2416 manns,
1117 2342 1275 2408 nosMau·

141 2448 199 2513 rici
230 2446 373 2513 exsilium
396 2446 624 2535 Rusticumque
647 2447 735 2513 caedi
760 2447 913 2524 vidimus,
935 2468 991 2512 nos
1018 2448 1178 2513 innocenti
1202 2470 1275 2514 sen·

141 2554 237 2643 guine
272 2551 405 2620 Senecio
435 2551 579 2640 perfudit.
616 2551 700 2618 Nero
735 2565 841 2618 tamen
877 2551 1030 2617 subtraxit
1052 2553 1160 2618 oculos
1182 2577 1275 2634 snos,

140 2661 293 2748 iussitque
326 2657 462 2736 scelera,
498 2679 561 2722 non
590 2659 760 2744 spectarit3
794 2657 961 2746 praecipua
995 2658 1053 2723 sub
1093 2660 1275 2726 Domitiano

139 2765 335 2831 miseriarum
358 2786 429 2851 pars
451 2776 518 2830 erat
540 2762 645 2829 ridere
668 2776 699 2830 et
722 2763 859 2852 adspici,
884 2786 984 2852 quum
1007 2766 1138 2854 suspiria
1166 2779 1273 2833 nostra

115 2871 422 2949 subscriberemus,
447 2892 545 2959 quum
569 2868 753 2936 denotandis
777 2882 822 2936 tot
846 2868 1001 2936 nobilium
1023 2870 1271 2959 bominumpal·

141 2978 260 3044 loribus
294 2976 450 3042 sufficeret
482 2997 589 3040 saevus
613 2975 667 3040 ille
690 2976 794 3041 vultus
817 2987 849 3040 et
876 2975 994 3054 rubor,
1019 2998 1082 3064 quo
1109 2999 1140 3042 se
1164 2989 1273 3042 contra

146 3083 298 3172 pudorem
321 3079 496 3147 muniebat.

185 3189 236 3254 'l'u
270 3209 342 3254 rem
376 3186 459 3263 felir,
495 3184 660 3276 Agricola,
686 3208 749 3250 non
783 3197 907 3251 tantum
930 3185 1011 3252 ritae
1035 3187 1195 3266 claritate,
1219 3187 1272 3254 sed

140 3297 235 3363 etiam
269 3293 501 3380 opportunitate
535 3293 655 3360 mortis.
693 3290 747 3370 Si,
783 3305 819 3358 ut
841 3292 1032 3380 sapientibus
1055 3293 1179 3381 placet,
1205 3315 1269 3358 non

141 3425 215 3470 cum
248 3421 377 3487 corpore
406 3400 658 3488 exstinguuntur·
680 3420 812 3487 magnae
835 3399 977 3476 animae,
1002 3399 1027 3463 si
1051 3399 1120 3488 quis
1145 3399 1270 3486 piorum

137 3507 283 3576 manibus
317 3505 424 3583 locus,
448 3505 571 3592 placide
593 3504 756 3593 quiescas,
781 3526 919 3592 uosque,
944 3502 1073 3568 domum
1097 3515 1203 3580 tuam,
1227 3504 1267 3568 ab

137 3617 263 3683 infirmo
287 3610 439 3677 desiderio
462 3623 494 3676 et
516 3607 723 3675 muliebribus
746 3609 890 3674 lamentis
914 3607 955 3674 ad
974 3607 1274 3697 contemplationem

137 3724 291 3790 virtutum
324 3729 451 3783 tuamm
485 3738 584 3784 voees.
630 3715 845 3780 Admiratione
880 3716 1002 3804 potius,
1035 3728 1086 3795 et,
1112 3717 1137 3781 si
1159 3729 1271 3782 natura

138 3824 334 3917 suppeditet,
359 3821 562 3888 similitudine
585 3821 788 3901 decoremus,
814 3844 890 3911 quos
914 3844 1019 3911 neque
1044 3821 1147 3910 lugeri
1168 3845 1273 3912 neque

135 3933 245 4024 plangi
276 3930 323 3996 fas
357 3940 414 3995 est.
450 3929 480 3994 Is
514 3950 605 3994 verus
634 3929 756 4007 honos,
781 3951 818 3996 ea
850 3926 1099 3994 coniunctissimi
1118 3928 1273 4017 cuiusque

134 4041 245 4130 pietas.
280 4035 318 4102 ld
347 4035 431 4100 filiae
454 4056 581 4122 quoqne
603 4035 755 4123 uxorique
778 4033 1009 4121 praeceperim,
1037 4032 1082 4097 sic
1104 4034 1202 4121 patris
1226 4034 1272 4099 sic

136 4144 242 4212 mariti
277 4141 460 4208 memoriam
484 4140 641 4218 venerari,
667 4152 702 4206 ut
725 4139 830 4205 omnia
854 4137 935 4203 facta
959 4135 1107 4226 dietaque
1135 4138 1202 4204 eius
1224 4161 1272 4204 se·

138 4274 212 4318 cum
246 4247 422 4323 resolvant,
456 4244 652 4334 formamque
685 4267 722 4310 ac
756 4245 890 4332 liguram
926 4242 1022 4306 animi
1049 4243 1148 4333 magis
1174 4265 1271 4332 quam

140 4355 280 4442 corporis
304 4350 647 4441 contemplentur3ncn
674 4350 750 4441 quia
774 4345 1035 4414 intercedendum
1061 4361 1172 4436 putem
1195 4349 1272 4415 ima-

138 4463 284 4552 giiribus,
322 4483 403 4549 quae
443 4479 598 4524 marmore
634 4469 687 4523 aut
721 4479 792 4524 aere
823 4456 1007 4544 fingentum
1033 4453 1085 4522 sed
1110 4467 1145 4520 ut
1167 4454 1274 4521 vultus

1144 4565 1175 4608 es
