3074 5310
642 514 810 562 rauracus.
1094 571 1096 576 ,
1229 503 1287 565 181

158 682 367 753 muliebribus
402 681 547 748 lamentis
582 680 621 747 ad
656 681 955 772 contemplationem
991 685 1143 750 uirtutum
1168 697 1294 754 tuarum

160 813 275 868 rocas,
302 811 378 879 ques
402 811 505 879 neque
529 788 629 878 lugeri
652 811 756 878 neque
778 789 886 878 plangi
909 790 954 854 las
974 801 1032 856 est.
1081 789 1295 858 Admiratione

158 910 193 963 te
227 896 331 985 potius
366 916 461 983 quem
491 895 714 984 temporalibus
737 894 897 972 laudibus,
914 907 973 974 et,
999 897 1024 961 si
1046 908 1159 962 natura
1181 921 1295 988 suppe-

156 1001 254 1080 ditet,
291 1001 501 1067 eemulutiono
534 999 729 1067 decoremus.
765 1001 795 1066 Is
826 1023 916 1066 verns
948 1000 1067 1081 honos,
1100 1024 1136 1067 ea
1159 1004 1292 1068 coninu-

157 1106 289 1172 ctissimi
311 1107 463 1196 cuiusque
485 1106 593 1195 pietas.
640 1106 677 1173 Id
700 1107 784 1172 filiae
805 1128 931 1195 quoque
956 1107 1109 1196 uxorique
1121 1130 1293 1198 praecepc-

157 1355 213 1405 bus.
230 1355 300 1406 Illud
317 1371 389 1420 quam
404 1355 707 1420 pleriquereceperuntex
753 1354 886 1419 temporale
910 1359 968 1405 sunt
991 1355 1068 1405 ruba
1092 1356 1164 1416 artis,
1189 1357 1295 1409 formala

158 1435 224 1487 Cod.
250 1436 353 1498 Ursini,
378 1436 405 1485 in
430 1451 479 1502 quo
501 1435 662 1487 admiratione
685 1445 708 1486 te
751 1436 877 1497 technica,
903 1435 977 1487 sicuti
1001 1439 1066 1500 apud
1087 1436 1155 1486 Ictos
1170 1441 1296 1491 concessio

154 1525 245 1584 potius
278 1534 351 1583 quam
379 1517 538 1567 aemulatione
563 1518 706 1569 decoremus.
752 1517 902 1584 imperalis.
919 1519 952 1567 In
968 1519 1091 1578 oratione,
1108 1519 1189 1582 qualis
1204 1520 1295 1572 hiere·

158 1599 212 1648 Pro
246 1598 407 1649 admiratione
439 1601 541 1649 mallem
565 1599 706 1649 imitatione.
751 1600 871 1664 quiritur,
893 1601 1007 1660 Tacitus,
1024 1606 1095 1664 puto,
1112 1601 1197 1651 hedes
1212 1617 1296 1652 vocas·

158 1681 293 1731 Imitemur
319 1681 474 1744 exemplum,
500 1680 522 1729 si
545 1681 706 1731 similitudino
751 1687 788 1730 set
812 1697 858 1730 non
882 1680 986 1741 solidas,
1009 1681 1076 1730 haud
1096 1680 1138 1730 diu
1154 1699 1296 1744 mansuras,

157 1765 277 1826 effingere
293 1778 343 1812 non
360 1763 490 1826 possimus.
750 1761 1295 1816 citointeriturassim.Wexius:uCitonans·

192 1842 363 1894 Aemulotione
377 1842 523 1892 decoremus.
540 1844 573 1892 In
588 1857 640 1892 unc
656 1843 707 1893 Vu-
752 1844 829 1893 ituras
843 1845 903 1894 dicit
919 1845 1073 1894 laudationes
1089 1844 1217 1905 funebres,
1232 1861 1295 1910 quae

156 1927 200 1977 tic.
227 1925 330 1976 miiitum
345 1925 494 1986 decoramus,
511 1925 538 1974 in
555 1925 632 1974 altero
649 1923 706 1974 mul·
753 1924 887 1976 Caesarum
911 1939 1009 1991 queque
1033 1927 1184 1989 temporibus
1208 1928 1294 1977 inho

157 2015 209 2057 tum
232 2006 381 2056 decoramus.
399 2007 475 2056 Unde
491 2007 612 2056 Heinsius
628 2021 706 2053 oemu-
751 2021 838 2056 norem
867 2023 1015 2072 magnorum
1039 2008 1149 2057 uberum
1171 2008 1295 2059 habeban-

156 2087 229 2148 iota,
253 2087 355 2139 Grotius
377 2085 535 2136 similitudine
552 2088 705 2137 coniiciabat.
751 2087 817 2137 tur.''
841 2089 1019 2140 Habebuntur:
1038 2090 1081 2138 sed
1097 2091 1124 2138 in
1142 2090 1243 2140 iamiam
1259 2105 1294 2141 se·

158 2169 218 2219 Hoc
234 2183 333 2234 quoqne
342 2170 442 2218 Isaacns
455 2169 560 2219 Vossius
569 2170 627 2219 edit.
635 2170 704 2234 Lips.
751 2169 880 2232 peliendis.
904 2172 1006 2221 Tacitus
1022 2177 1105 2219 autem
1120 2171 1183 2221 haec
1199 2171 1295 2237 scripsit

156 2253 327 2315 adscripscrat.
347 2250 414 2300 Satis
430 2257 530 2314 apparet
546 2257 626 2300 tntum
639 2251 705 2299 hunc
750 2251 914 2315 quadriennio
930 2259 986 2315 post
1001 2259 1107 2301 mortem
1117 2253 1259 2316 Agricolae.

158 2333 244 2384 locum
268 2333 358 2382 misere
375 2347 428 2382 esse
444 2339 594 2396 corruptum:
614 2331 705 2382 Melior
785 2329 816 2380 Si
839 2341 930 2381 notura
955 2332 1103 2398 suppeditet.
1130 2333 1183 2384 Cur
1206 2341 1295 2385 natura

158 2415 264 2464 omnino
289 2415 425 2475 sententia,
444 2414 484 2463 his
500 2415 536 2463 ita
551 2413 705 2476 transpositis
750 2428 801 2463 non
818 2414 1189 2478 sappeditaretoemutortonemr
1199 2413 1293 2465 Aemu-

160 2503 185 2546 et
209 2497 325 2557 mutatis,
351 2502 518 2546 enasceretar:
542 2511 643 2558 nosque,
664 2493 704 2542 dc·
749 2496 833 2544 lentur
849 2510 936 2560 saepe,
952 2498 996 2561 qui
1011 2497 1100 2561 pennis
1116 2497 1293 2547 ceratisnitan·

157 2593 219 2626 mum
236 2585 314 2638 tuum,
332 2577 362 2625 ab
378 2576 474 2639 infirmo
490 2575 611 2625 desiderio
625 2585 704 2625 etmu·
749 2583 802 2637 tur,
828 2582 852 2626 et
875 2579 940 2628 ausis
958 2579 1084 2629 excidunt.
1102 2579 1217 2628 Maxima
1233 2579 1294 2629 diffi-

160 2657 276 2708 liebribus
301 2657 410 2708 lamentis
435 2656 470 2707 ad
484 2657 704 2722 contemplationem
748 2659 827 2709 crrltas
843 2660 1053 2711 insimilitudine.
1072 2661 1292 2726 Hocnaturapau-

156 2741 274 2791 uirtutum
304 2747 401 2789 tuarum
424 2756 500 2789 noces.
534 2737 704 2790 Admiratione
748 2741 852 2791 cissimis
869 2744 1015 2806 suppeditat.

151 2821 253 2888 potius,
270 2829 307 2881 et,
325 2821 348 2870 si
364 2830 455 2871 notura
470 2821 623 2888 suppeditet,
640 2822 702 2872 simi·
765 2819 794 2870 Is
810 2838 881 2871 verus
897 2823 978 2873 bonos.
996 2825 1085 2875 Petras
1102 2824 1294 2876 Corn.f.Honl'·

156 2903 259 2954 titudine
284 2903 437 2966 decoramus,
458 2921 518 2968 quos
534 2921 608 2969 neque
625 2905 703 2969 lupari
747 2903 796 2952 tius
817 2910 927 2964 nostras,
944 2906 987 2969 qni
1004 2906 1089 2955 omnia
1106 2907 1188 2956 Taciti
1204 2907 1295 2970 scripta

155 3001 232 3050 neque
251 2984 341 3051 plangi
351 2987 402 3050 sus
419 2993 463 3034 est.
481 2983 510 3034 Is
526 3002 597 3036 uuus
614 2985 703 3047 bonos,
748 2983 844 3043 tricies,
870 2991 898 3033 ut
920 2992 1047 3047 narratur,
1064 2987 1142 3046 lecta,
1159 2988 1185 3035 in
1203 3000 1292 3036 sermo

156 3083 186 3116 eo
204 3067 393 3116 coniunctissimi
415 3067 530 3131 cuiusque
543 3068 637 3132 pietas.
671 3065 705 3116 Id
748 3079 806 3113 nem
822 3065 992 3116 Neerlandnm
1009 3066 1295 3131 convertit,hiclegissa

150 3149 501 3213 filiaequoquenuoriquesq.
520 3148 703 3214 TacitusAgri·
747 3147 845 3196 videtur
869 3155 938 3196 uetus
963 3146 1043 3198 ionas.
1069 3149 1183 3199 Prudens
1200 3165 1232 3198 an
1249 3149 1294 3198 im·

156 3231 237 3280 colam
254 3230 346 3294 alloqui
362 3230 454 3279 desinit
464 3229 703 3280 inverbisvirtutum
747 3229 863 3291 prudens,
880 3231 977 3294 ignoro.
996 3231 1103 3296 Antiqui
1120 3233 1157 3281 illi
1173 3232 1294 3281 librorum

157 3321 255 3361 tuarum
279 3327 361 3372 voces,
386 3317 411 3360 et
427 3313 565 3362 orationem
582 3314 613 3361 ad
628 3313 702 3362 lecto·
748 3309 898 3360 Latinorum
912 3312 1222 3376 interpretea,praesertim
1231 3313 1293 3361 Am-

154 3408 195 3443 res
219 3393 341 3442 convertit
364 3393 436 3457 quasi
452 3394 531 3443 dicat:
551 3416 563 3437 ι
575 3393 618 3444 Sic
635 3396 702 3444 enim
748 3393 973 3456 stelodami,saepe
980 3395 1046 3443 viros
1055 3396 1199 3444 eruditiores
1207 3409 1293 3444 consu·

156 3481 202 3525 est.
228 3474 318 3536 Magni
342 3475 390 3523 viri
414 3489 465 3524 non
489 3477 597 3525 lacrimis
622 3491 702 3540 nsque
747 3473 839 3522 lebant.
858 3473 1292 3526 InhoctamanloccHooitiushae

155 3557 215 3607 fletu
240 3557 403 3616 decorantur,
429 3557 473 3605 sed
489 3557 664 3618 similitudine,
682 3559 703 3606 si
748 3568 801 3604 rere
810 3569 861 3603 non
870 3561 973 3618 poterat.
993 3556 1099 3621 Spiritus
1107 3557 1150 3606 ille
1159 3557 1293 3621 Agricolae

155 3653 231 3703 quam
244 3637 346 3701 plurimi
359 3638 702 3702 imaginemillorumreferre
747 3652 799 3684 non
824 3637 1004 3688 transianditur
1029 3639 1056 3688 in
1080 3645 1163 3689 mutas
1188 3639 1292 3703 effigies,

156 3721 279 3770 studeant.
748 3719 791 3768 sed
821 3718 848 3767 in
873 3734 944 3770 veras
969 3722 1091 3784 imagines
1115 3726 1292 3784 cognatorum,

193 3798 380 3866 Temporaiibus
408 3798 528 3852 laudibus.
561 3801 701 3868 Exempla,
747 3800 790 3865 qui
815 3800 917 3851 obtutus
942 3803 1034 3851 mortui
1049 3803 1163 3852 reddunt.
1181 3801 1231 3851 Per
1247 3801 1293 3850 hos

155 3897 220 3948 quae
236 3897 282 3946 pro
300 3882 473 3946 temporalibus
489 3882 638 3944 efferuntur,
652 3886 701 3934 duo
748 3883 882 3945 Agricolae
898 3885 950 3933 vita
966 3883 1065 3932 redibit.

156 3971 223 4014 sunt.
250 3963 339 4014 Senec.
362 3963 464 4025 Quaest.
482 3965 541 4014 Nat.
560 3966 643 4016 VIII.
661 3972 701 4016 2³.
782 3961 817 4012 Id
826 3963 903 4026 filiae
920 3979 1014 4028 quoque
1029 3964 1149 4027 uxorique
1159 3979 1292 4029 praecepe-

161 4045 246 4107 Omne,
273 4045 338 4110 quod
359 4061 447 4094 caussa
464 4046 605 4112 temporalis
621 4063 702 4096 accen·
748 4044 807 4105 rim,
825 4047 841 4094 i.
860 4061 881 4095 e.
898 4047 965 4097 filiae
980 4047 1103 4110 uxorique
1119 4046 1293 4096 eiusEthuec
1310 4108 1315 4120 Ι

156 4128 208 4189 dit,
226 4128 274 4178 cito
289 4125 422 4176 intercidit.
440 4127 546 4188 Quintil.
559 4127 702 4179 Inst.0rat.
748 4127 864 4186 suadent,
889 4133 916 4175 nt
942 4135 1094 4187 statuamus,
1119 4127 1234 4176 Tacitum
1250 4128 1291 4178 de

156 4211 225 4261 VII.
247 4223 278 4258 11.
299 4215 336 4258 10.
354 4206 483 4258 Adiiciunt
499 4208 597 4272 quidam
609 4209 702 4274 perito·
748 4208 817 4257 siisse
841 4207 987 4271 Agricolam
1009 4209 1115 4274 ulloqui,
1132 4209 1175 4258 ubi
1191 4207 1292 4259 desiisse

155 4310 209 4344 rum
233 4290 327 4348 πάθος
352 4289 485 4356 temporale
509 4305 569 4339 esse.
598 4290 649 4340 Sed
665 4291 702 4341 illi
747 4291 900 4354 putabamus.

156 4377 292 4441 loquuntur
310 4381 436 4437 tamqnam
454 4373 566 4437 magistri
583 4374 702 4422 etdocen·
781 4369 942 4436 Formomque
959 4390 989 4422 nc
1000 4375 1119 4440 fiprrrnm.
1137 4371 1180 4424 Sic
1196 4374 1222 4422 in
1241 4373 1292 4422 Vu-

156 4465 201 4508 tes.
227 4456 262 4507 Et
286 4469 374 4504 caussa
401 4455 540 4521 temporalis
564 4461 587 4505 et
612 4455 704 4510 adeor
748 4454 836 4505 tironis
853 4461 994 4520 corruptum
1006 4458 1106 4521 somam
1120 4456 1293 4508 Miuemsians
