3074 5310
637 529 812 579 santonas.
1230 512 1290 574 tut

143 716 213 768 tem
249 714 280 768 et
316 703 417 766 otium
451 698 601 776 laudare,
637 721 709 764 mox
746 721 873 788 operam
910 719 997 762 suam
1030 699 1062 762 in
1088 697 1291 787 approbanda

140 807 349 874 excusatione
384 805 517 884 offerre3
550 816 709 892 postremo
733 826 797 869 non
820 806 884 868 iam
911 803 1036 868 obscuri
1059 803 1224 868 suadentes
1248 803 1291 866 si·

142 911 216 976 mul
252 922 474 999 terrentesque
508 920 687 998 pertraxere
724 908 763 971 ad
797 909 1023 974 Domitianum.
1074 908 1134 992 Qui
1164 919 1292 996 paratus

143 1015 371 1093 simulatione,
408 1016 439 1079 in
466 1015 677 1102 arrogantiam
705 1014 906 1101 compositus,
931 1025 962 1078 et
987 1012 1086 1078 audiit
1108 1035 1216 1101 preces
1240 1035 1294 1078 ex-

146 1121 306 1198 cusantis,
333 1132 365 1184 et
396 1141 496 1206 quum
520 1119 701 1194 annuisset,
728 1119 779 1205 agi
803 1118 862 1182 sibi
886 1119 1000 1205 gratias
1023 1139 1131 1204 passus
1154 1131 1217 1196 est,
1236 1141 1296 1184 neo

145 1225 278 1290 erubuit
312 1223 461 1288 beneficii
495 1223 622 1288 inuidia.
671 1221 827 1288 Salarium
851 1235 957 1287 tamen
981 1223 1196 1312 procunsulari
1220 1224 1294 1287 soii-

145 1341 221 1394 tum
245 1329 364 1406 offerri,
388 1340 420 1392 et
444 1327 632 1417 quibusdam
658 1351 675 1391 a
699 1352 732 1394 se
754 1331 822 1417 ipso
835 1349 1034 1406 conoessum,
1048 1327 1213 1416 Agricolae
1226 1351 1290 1393 non

149 1595 289 1645 Rhenanus
306 1597 417 1646 ediderat
433 1597 496 1658 iam,
511 1613 571 1648 vera
588 1599 702 1648 emendu-
749 1596 955 1655 Mssinvenitur,
965 1593 1299 1657 nuncimmortalis.Qnintil.

147 1677 261 1725 datione.
279 1675 340 1725 Non
357 1685 414 1737 ton,
428 1684 501 1737 esset,
517 1679 601 1728 minus
617 1681 702 1728 abscu-
749 1679 832 1728 instit.
852 1675 922 1728 Orat.
940 1677 975 1725 V.
992 1679 1102 1740 prodam.
1122 1682 1161 1726 la.
1186 1675 1221 1727 Ut
1229 1693 1265 1725 me
1273 1678 1299 1726 in

147 1759 173 1806 ri
190 1772 265 1821 quam
282 1763 363 1807 antea.
378 1757 512 1821 Supererat
525 1760 601 1822 igitur
609 1761 703 1824 aliquid
749 1757 870 1822 supremis
895 1756 1033 1806 consolatus
1058 1759 1112 1806 est!
1135 1773 1208 1820 quam
1223 1759 1297 1808 etiam

147 1839 259 1888 obscuri.
286 1839 422 1903 Superesse
446 1855 498 1888 non
524 1847 632 1902 poterat,
659 1841 703 1890 ubi
749 1837 880 1900 deficiens,
898 1838 995 1900 iamque
1011 1855 1057 1887 non
1072 1847 1154 1886 noster
1171 1839 1251 1904 ipsunt
1267 1840 1297 1888 it·

149 1918 297 1978 suaderent,
316 1929 450 1980 terrerent,
463 1921 647 1985 pertraherent.
658 1920 702 1970 Ce-
750 1919 797 1968 ium
814 1917 938 1968 alienatae
954 1919 1038 1968 mentis
1055 1935 1161 1968 errorem
1177 1920 1246 1968 circa
1263 1937 1300 1970 so·

148 2009 234 2052 torum
249 2007 306 2063 post
322 2015 368 2048 non
384 2001 433 2049 iam
450 1999 704 2065 sequiturvulgosed,
751 1999 788 2048 ias
821 2000 908 2048 literas
931 1999 1034 2048 habuit!
1058 2001 1092 2048 tu
1117 2001 1209 2050 omisso
1226 2001 1297 2061 'ianr,

145 2088 177 2131 et
202 2082 282 2144 magis
306 2082 434 2145 respioinrr
458 2089 569 2145 tempus,
588 2096 634 2132 nec
651 2082 701 2130 fere
750 2081 824 2130 Ouid.
843 2083 948 2131 Metam.
967 2081 989 2130 1.
1008 2085 1066 2130 621.
1083 2082 1105 2130 si
1125 2080 1211 2130 Vacca
1227 2097 1299 2146 nepa-

148 2165 208 2227 pius
224 2163 347 2226 signifieat
362 2178 440 2227 qnam
456 2179 501 2210 non
519 2162 632 2227 amplius.
643 2164 700 2211 Liv.

150 2245 192 2294 11.
210 2249 250 2292 23.
268 2242 328 2292 Non
344 2244 393 2292 iam
404 2245 469 2308 sora
486 2259 512 2292 se
526 2243 701 2293 tumultuaren-

150 2325 226 2384 tinet,
244 2324 289 2373 sed
300 2325 396 2390 passim
406 2333 480 2373 totam
488 2326 569 2373 urbem
574 2323 700 2388 pervadit.

153 2407 236 2456 Tacit.
255 2406 351 2456 Annei.
371 2405 421 2455 XI.
440 2411 480 2456 28.
499 2403 701 2454 Noniomsecre·

153 2488 188 2536 tis
217 2485 360 2549 coliodua'is,
394 2485 440 2534 sed
463 2487 561 2551 apertis
580 2488 702 2551 frenasse.

153 2569 242 2632 Agris.
260 2582 314 2631 esp.
332 2573 372 2616 44.
388 2565 448 2616 Non
461 2567 562 2632 iamper
570 2567 702 2616 intervalia

152 2669 183 2700 ao
193 2650 345 2718 spiramenta
354 2656 497 2712 temporum,
508 2648 552 2697 sed
559 2649 670 2698 continuo
679 2657 703 2697 et

152 2731 217 2784 uelut
234 2746 280 2779 uno
297 2729 356 2778 ictu.
375 2729 530 2793 significatio
547 2732 703 2795 aliquantum

152 2813 237 2863 differt
252 2813 279 2860 in
297 2811 345 2860 iarn
364 2827 425 2859 non:
443 2818 496 2860 tum
505 2812 703 2861 adiectirunsvel

152 2893 337 2944 substantivum
370 2893 449 2955 magis
473 2894 615 2956 respicitur,
641 2907 704 2957 quse

152 2977 217 3024 fiunt
233 2974 305 3038 quasi
320 2987 372 3021 una
388 2987 447 3022 vox.
466 2971 539 3022 Orici.
551 2975 607 3022 Art.
617 2973 703 3022 Amat.

154 3057 192 3105 11.
211 3060 252 3105 93.
270 3053 307 3102 At
321 3059 397 3118 pater
413 3053 516 3118 infelix,
535 3053 583 3102 ium
599 3069 646 3102 non
658 3069 705 3118 pa·

155 3146 205 3196 ter,
224 3132 312 3194 laare,
329 3133 432 3192 clamat,
449 3131 536 3192 Iaare,
554 3133 707 3206 ciamat‚ubi

155 3223 197 3266 es?
216 3231 293 3281 quoue
309 3216 352 3276 sub
370 3231 416 3264 aas
428 3213 514 3262 roias?
533 3215 574 3263 Ibi
584 3215 705 3263 uliaMsS.

155 3317 201 3348 non
225 3300 290 3358 iam,
313 3311 356 3346 area
373 3296 429 3345 iam.
449 3297 538 3344 Burm.
555 3301 622 3345 reete
638 3310 706 3359 prae·

155 3382 212 3431 tulit
229 3381 280 3430 iarn
297 3393 357 3426 uon:
370 3377 706 3440 cur‚nonexpliosvit.Dis·

155 3464 250 3512 crimen
267 3460 386 3518 sentitur,
404 3459 426 3506 si
441 3473 532 3522 ponas:
546 3457 707 3522 nonumpia'us

152 3551 244 3607 pater,
270 3547 295 3590 et
319 3539 369 3588 iam
390 3555 436 3588 nan
449 3547 539 3603 pater,
557 3546 639 3602 pater,
657 3539 708 3588 iam

156 3639 207 3674 uon
233 3627 317 3686 pater,
339 3621 390 3668 iam
406 3621 494 3679 orbus,
511 3621 569 3684 qui,
585 3621 639 3669 filio
657 3621 707 3668 iam

156 3704 262 3761 ambae,
286 3716 338 3751 non
354 3706 424 3765 pater
439 3708 505 3760 erat,
522 3715 597 3763 quem
610 3709 709 3765 patrem

157 3784 282 3848 appellare
297 3797 350 3830 non
361 3782 503 3831 debueram.
513 3781 617 3830 Metam.
628 3782 707 3831 V111.

747 2169 830 2220 ratur,
841 2169 944 2225 poterut
961 2177 1007 2210 non
1023 2177 1100 2210 nucea
1112 2161 1199 2211 uideri.
1217 2164 1248 2212 Io
1255 2178 1298 2226 po·

747 2248 810 2290 terut
832 2242 912 2290 videri
938 2257 984 2290 non
1009 2258 1095 2291 uacca.
1114 2245 1188 2307 Virg.
1207 2243 1299 2306 Georg.

748 2324 799 2372 IV.
831 2327 888 2372 498.
915 2320 1091 2388 Invalidasque
1116 2324 1161 2373 tibi
1186 2324 1298 2383 tendens,

748 2404 812 2453 beu!
830 2420 876 2453 non
893 2413 945 2462 tua,
959 2403 1067 2468 palmas.
1086 2405 1120 2452 ut
1136 2405 1171 2452 sic
1188 2405 1215 2452 in
1224 2404 1299 2454 Gras-

748 2487 783 2534 cis
806 2484 823 2549 ἡ
848 2484 879 2532 ari
902 2482 1027 2540 διάλυσις
1044 2483 1098 2532 τῶν
1116 2465 1249 2552 yedupair,
1267 2486 1302 2532 τὰ

748 2569 785 2630 μὴ
804 2564 881 2625 καλὰ,
901 2564 977 2631 δῶρα
1000 2562 1029 2613 οὐ
1050 2565 1138 2634 δῶρα,
1156 2565 1300 2634 &donasti

750 2651 830 2706 aonia
862 2646 893 2696 oti
919 2648 1013 2708 eopia,
1040 2646 1150 2708 danaos,
1176 2649 1303 2714 sapientia

749 2729 879 2795 insipiens,
896 2738 924 2778 ut
941 2731 1044 2780 fortasse
1053 2732 1157 2780 dixisset
1166 2733 1302 2794 Horatius,

750 2811 771 2860 si
792 2812 837 2860 lex
853 2812 928 2861 metri
944 2827 996 2860 non
1013 2813 1156 2862 obstitisset.
1173 2813 1202 2861 Si
1217 2814 1301 2862 locum

751 2892 833 2940 Taciti
858 2893 890 2940 ad
906 2893 980 2940 istum
996 2894 1120 2942 rationem
1136 2895 1225 2956 exigo,
1243 2907 1303 2943 euru

749 2975 831 3037 potius
857 2974 1005 3036 scripturum
1029 2973 1106 3021 tuisse
1130 2975 1236 3022 arbitror
1252 2974 1303 3022 iarn

751 3069 796 3102 non
818 3053 929 3102 obscuri.-
946 3055 1027 3116 primo
1044 3055 1151 3116 agebunt
1168 3055 1302 3114 occultius,

751 3149 813 3182 mox
829 3135 926 3194 minus,
943 3141 1067 3197 postremo
1077 3135 1127 3183 ism
1136 3150 1187 3183 non
1196 3135 1302 3194 obscuri,

751 3217 803 3264 ism
820 3222 903 3278 aperte
917 3217 1013 3275 verbis,
1031 3216 1163 3266 manifesto
1179 3217 1251 3266 factis
1265 3232 1302 3266 os·

752 3295 902 3355 tendebant,
921 3297 982 3360 quid
998 3298 1101 3346 veilent.

786 3375 843 3425 Nec
859 3377 955 3426 erubuit
970 3378 1083 3439 beneficii
1096 3377 1198 3426 invidia.
1224 3379 1304 3428 Erne-

753 3464 817 3507 stus:
838 3479 849 3499 n
859 3457 876 3505 i.
895 3471 915 3505 e.
925 3457 1054 3506 invidiosis
1064 3458 1232 3515 sermonibus,
1241 3473 1304 3522 quos

752 3540 802 3588 tale
810 3539 957 3588 beneficium
966 3537 1146 3586 concitaturum
1154 3544 1226 3587 esset.
1235 3538 1305 3588 Nam

753 3619 847 3670 invidia
863 3619 954 3668 dieitur
972 3625 997 3667 et
1014 3620 1044 3668 ds
1060 3619 1228 3668 reinuidiosa.
1246 3621 1304 3670 Nisi

754 3703 856 3753 Tacitus
881 3701 977 3764 scripsit
1001 3699 1108 3758 iniuria,
1124 3705 1153 3748 ut
1170 3697 1307 3769 diduupar

755 3783 845 3835 esset.''
870 3781 1042 3840 Domitianus,
1064 3781 1150 3838 credo,
1168 3781 1261 3844 siquis
1278 3783 1305 3830 in

158 3869 215 3915 221.
232 3863 370 3913 desudem
386 3862 511 3912 Daedalo:
530 3860 566 3911 At
579 3871 657 3928 pater
673 3863 708 3912 in·
754 3879 784 3914 eo
808 3867 901 3928 pudor,
927 3864 1011 3912 statim
1036 3862 1179 3910 erubescere
1201 3862 1306 3910 debebat

152 3943 239 4010 felia,
256 3957 300 3991 nec
317 3943 366 3992 ianr
379 3951 465 4008 pater,
482 3945 499 3991 i.
517 3957 539 3992 e.
557 3952 582 3992 et
598 3945 708 3993 ismnon
754 3947 799 3995 tali
823 3945 958 4002 beneficio,
983 3957 1035 3990 non
1052 3941 1194 3990 erubescere
1210 3946 1307 4002 poterat

157 4031 241 4090 pater,
267 4025 378 4088 alioquin
401 4039 444 4072 neo
466 4024 501 4072 ita
518 4031 570 4073 erat
585 4025 709 4074 resolven·
755 4027 828 4085 odio,
853 4026 912 4074 inde
929 4030 1014 4086 postea
1030 4021 1163 4071 nascituro.
1183 4020 1305 4070 Waxius:

158 4108 233 4157 dnm:
260 4113 284 4153 et
307 4121 353 4153 nan
369 4103 418 4152 iam
431 4110 516 4168 pater.
535 4104 574 4153 II.
592 4109 648 4154 649.
671 4103 709 4154 Tu
757 4108 837 4155 ndum
852 4103 1001 4154 beneficium
1017 4117 1043 4152 se
1060 4102 1160 4150 simulat
1167 4107 1306 4165 praestare,

159 4201 268 4250 quoque,
286 4199 345 4234 aare
358 4199 437 4250 puer,
455 4199 501 4231 non
518 4184 567 4232 iam
583 4184 709 4244 mortalis,
756 4187 792 4236 nil
817 4185 866 4234 nisi
893 4184 1014 4232 invidiam
1037 4189 1062 4231 et
1078 4183 1164 4232 odium
1180 4197 1253 4232 suurn
1270 4198 1308 4232 ss·

159 4275 184 4316 et
205 4265 274 4315 acuis
297 4263 408 4314 Omnibus
424 4273 451 4314 ut
467 4279 578 4325 nuneas,
596 4265 711 4314 noscendi
755 4265 828 4315 tist.''
853 4265 929 4314 Recte
953 4277 1026 4321 eane,
1052 4265 1119 4327 quod
1140 4265 1306 4324 adsensum,

159 4347 212 4412 lepe
237 4355 345 4396 creatus.
371 4347 420 4410 leg.
447 4347 497 4396 iarn
521 4361 567 4393 nan
584 4345 710 4406 mortalis,
756 4348 800 4412 qni
824 4345 962 4410 postulatur
969 4365 976 4403 ;
1001 4344 1088 4392 dubito
1111 4350 1194 4393 autem
1210 4359 1243 4393 un
1260 4346 1307 4394 iste

158 4430 229 4480 anius
255 4430 427 4493 interpretatio
454 4434 503 4488 est,
529 4427 595 4491 qnod
613 4425 638 4473 in
657 4427 711 4476 aliis
757 4443 844 4480 sensus
861 4441 894 4478 ex
912 4425 993 4477 verbis
1009 4425 1071 4476 effici
1088 4425 1172 4488 possit.
1190 4423 1307 4475 Contene-

1177 4509 1206 4554 21
