3134 5310
232 539 274 602 36
675 549 830 596 conuenit
855 549 962 594 rnerrr

234 724 414 788 tribunatus
449 741 568 784 annum
593 721 698 807 quiete
722 729 753 783 ct
775 717 839 779 otio
862 717 1002 793 transiit,
1028 737 1143 804 gnarus
1165 718 1224 783 sub
1247 719 1380 786 Nerone

231 841 430 917 temporum,
464 825 578 913 quibus
610 825 721 890 inertia
740 843 797 910 pro
817 820 968 908 sapientia
992 821 1062 885 fuit.
1094 821 1182 888 Idem
1206 838 1381 912 praeturae

230 946 323 1000 tenor
352 944 383 997 ct
404 931 584 1008 silentium3
608 953 667 994 nec
693 928 776 993 enim
801 924 973 990 iurisdictio
997 926 1178 993 obvenerat.
1214 928 1319 995 Ludos
1342 944 1381 996 et

230 1039 337 1102 inania
372 1036 499 1100 honoris
534 1034 638 1100 medio
673 1033 802 1097 rationis
834 1043 929 1119 atque
954 1030 1167 1098 abundantiae
1193 1034 1301 1112 duxit,
1327 1035 1380 1100 uti

229 1144 324 1231 longe
357 1164 374 1204 a
405 1141 547 1217 luxuria,
581 1141 624 1203 ita
653 1139 755 1201 famae
789 1136 926 1223 propior.
977 1136 1057 1199 Turn
1087 1138 1205 1203 electus
1229 1162 1247 1202 a
1272 1140 1378 1204 Galba

229 1247 268 1312 ad
300 1245 382 1310 dona
413 1245 604 1333 templorum
635 1240 910 1330 recognoscenda,
944 1239 1182 1329 diligentissima
1215 1246 1378 1332 conquisi-

229 1353 315 1416 tione
346 1351 440 1424 seoit,
474 1371 514 1413 ne
547 1350 635 1414 cuius
667 1348 794 1411 alterius
826 1346 1023 1433 sacrilegium
1054 1368 1101 1411 res
1125 1347 1254 1435 publica
1278 1371 1379 1437 quam

230 1457 364 1522 Neronis
389 1454 542 1519 sensisset.

274 1560 347 1625 Vll.
395 1559 536 1646 Sequens
580 1579 679 1621 onnus
715 1558 800 1644 gravi
833 1556 963 1620 rulnere
1000 1556 1140 1619 animum
1178 1555 1378 1644 domumque

230 1668 297 1733 eius
340 1664 460 1728 afflixit.
520 1663 602 1728 Nem
641 1661 745 1726 classis
782 1659 962 1726 Othoniana
996 1660 1129 1725 licenter
1164 1683 1260 1749 rege,
1297 1661 1379 1727 duna

233 1770 416 1837 Intemelios
450 1768 607 1858 (Liguriae
638 1789 710 1855 pars
741 1765 798 1851 est)
831 1765 987 1829 hostiliter
1017 1765 1210 1853 populetur,
1240 1779 1378 1833 matrem

230 1949 277 1998 tim
293 1950 453 2013 temporibus.
477 1948 779 2011 Agricole,gnarustem·
820 1943 915 2006 flumen
940 1945 990 1992 alie
1014 1951 1083 1992 certa
1107 1945 1221 1993 omittam
1242 1944 1380 2009 inquibus

230 2047 334 2096 porum,
359 2029 472 2088 mansiit,
498 2030 569 2092 quasi
590 2042 641 2076 non
659 2032 723 2076 esset
739 2027 780 2075 tri-
829 2025 899 2073 notio
917 2024 964 2072 tati
980 2026 1052 2074 inest.

231 2113 326 2170 banus,
352 2112 397 2160 sed
421 2111 531 2173 privatus
557 2110 583 2158 in
608 2110 660 2158 otio
676 2110 779 2157 viveret.
862 2103 948 2152 Medio
973 2105 1078 2153 rationis
1103 2114 1177 2169 atque
1202 2106 1380 2156 mundandae.

233 2192 306 2240 Nihil
320 2191 391 2249 iecit,
407 2198 436 2238 ut
452 2191 513 2239 olim
531 2190 650 2247 Bibulus,
667 2203 781 2251 quocon-
828 2187 861 2235 In
871 2187 1001 2235 Vaticanis
1009 2186 1094 2236 medio.
1121 2187 1237 2236 Fortasse
1246 2189 1335 2236 melius
1343 2189 1381 2237 le-

233 2274 287 2322 sule
302 2286 377 2320 nemo
392 2270 485 2333 aliquid
493 2269 547 2318 fieri
555 2269 710 2318 meminerat.
735 2270 782 2316 Ta·
828 2274 939 2329 geretur:
969 2265 1050 2316 medio
1074 2267 1179 2316 rationis
1203 2277 1278 2332 atque
1303 2270 1381 2317 abun-

235 2354 298 2402 eitus
315 2351 377 2401 haee
394 2352 425 2400 de
442 2351 517 2413 gestis
531 2353 562 2399 ab
578 2349 783 2412 Agricolahono·
829 2347 929 2395 dantiae
954 2347 1032 2398 drrait.
1069 2350 1193 2398 Iudicavit
1217 2364 1247 2398 ea
1263 2355 1380 2412 oportere

234 2435 303 2484 ribus
320 2433 465 2483 brevissime
481 2432 595 2481 absolvit.
630 2430 703 2478 Nihil
711 2431 784 2479 habe·
829 2443 882 2476 esse
898 2427 978 2476 media
994 2430 1060 2479 inter
1076 2430 1194 2479 rationem
1212 2439 1236 2479 et
1252 2431 1378 2480 abundau-

235 2517 292 2574 bat,
315 2516 382 2578 quod
406 2515 485 2564 relatu
510 2518 574 2562 esset
598 2513 715 2574 dignum;
738 2525 785 2559 nee
830 2510 901 2568 tiam,
920 2510 972 2572 ipse
989 2512 1085 2560 medias
1098 2513 1379 2575 eratinterutramque‚

234 2597 370 2660 quidquam
387 2608 459 2658 agera
476 2599 578 2656 poteret.
613 2594 727 2642 Festinat
740 2593 784 2656 igi·
829 2598 858 2639 ut
883 2591 970 2640 Valer.
997 2592 1069 2640 Max.
1096 2594 1147 2641 IV.
1176 2599 1197 2641 1.
1219 2598 1257 2641 13.
1276 2589 1381 2640 Medius

236 2683 277 2724 tur
294 2677 326 2724 od
343 2676 423 2724 vitam
440 2674 517 2723 soceri
533 2674 676 2723 militarem.
831 2671 895 2718 inter
920 2671 1039 2720 secundas
1064 2680 1088 2720 et
1109 2671 1228 2720 aduersos
1244 2688 1285 2721 ree
1302 2673 1381 2722 animi

271 2752 340 2804 Idem
350 2763 488 2820 praeturae
498 2762 565 2802 tenor
574 2761 598 2801 et
606 2753 735 2802 silentium.
752 2755 784 2802 In
826 2751 951 2813 firmitate
958 2761 1072 2800 uersatur
1081 2762 1125 2801 est.
1150 2753 1311 2803 Adiectivum
1319 2768 1381 2802 cnm

238 2837 370 2886 Vaticanis
384 2843 523 2901 praeturae
540 2833 639 2882 certior.
657 2833 785 2882 Correetu-
831 2833 942 2894 genitivo
975 2835 1085 2882 consoni
1109 2841 1197 2883 notum
1222 2839 1266 2882 est.
1302 2832 1381 2882 Ovid.

236 2933 291 2967 ram
317 2917 435 2966 Rhenani
452 2924 519 2964 tenor
536 2929 623 2964 omnes
640 2921 784 2978 sequuntur.
832 2915 937 2962 Metam.
978 2915 1012 2964 V.
1039 2919 1094 2964 644.
1130 2913 1167 2963 Et
1191 2913 1293 2962 medium
1317 2913 1383 2964 coeli

237 3001 277 3050 Ea
292 3013 422 3064 possumus
435 2997 546 3046 contenti
554 2997 709 3055 esse,donee
718 2996 786 3044 aliud
832 3003 962 3057 terraeque
989 3011 1038 3059 per
1068 3000 1129 3044 aare
1152 3003 1223 3044 recto
1247 3003 1292 3044 eat.
1319 2997 1382 3045 Liv.

237 3083 327 3131 melius
343 3080 493 3130 inaculatur.
520 3079 622 3127 Interea
637 3078 786 3139 cogitavian
833 3075 968 3125 XXVIII.
996 3081 1019 3125 6.
1039 3074 1114 3124 Duas
1130 3092 1201 3125 arcer
1218 3078 1275 3125 urbs
1292 3076 1381 3137 dabat,

237 3168 352 3225 corrupta
368 3161 449 3210 verbis
466 3158 786 3221 uanspositisrestituipos-
832 3173 904 3204 unam
929 3156 1086 3204 imminentem
1110 3157 1186 3215 mari,
1212 3156 1294 3205 altera
1310 3159 1384 3207 urbia

239 3243 301 3290 sint:
326 3257 420 3305 gnaras
445 3241 488 3287 sut
513 3237 615 3286 Nerone
637 3246 786 3300 temporum,
832 3237 912 3286 medio
934 3245 978 3285 est.
1014 3237 1055 3286 Ibi
1075 3251 1174 3300 quoque
1189 3238 1318 3299 legebatur
1334 3254 1384 3288 me·

239 3322 327 3386 quibua
343 3318 434 3370 inertia
450 3318 541 3366 certior
558 3327 582 3366 et
595 3333 644 3382 pro
661 3318 787 3381 sapientia
832 3317 881 3366 dio.
906 3333 930 3366 v.
956 3317 1066 3368 Gronov.
1085 3319 1165 3366 Tacit.
1184 3319 1279 3366 Annal.
1297 3319 1320 3367 Ι.
1339 3323 1383 3368 64.

233 3404 302 3470 suit.
321 3400 389 3451 Idem
402 3409 541 3466 praeturae
554 3398 683 3448 silentium.
703 3399 786 3448 Maxi·
833 3396 918 3447 Medio
944 3400 1057 3448 montium
1083 3407 1107 3446 et
1128 3398 1249 3462 paludum
1267 3397 1384 3464 porrige-

239 3501 310 3536 mum
325 3484 462 3549 periculum
479 3497 494 3530 a
510 3481 637 3530 tribunatu
653 3479 733 3543 plebis
742 3481 786 3528 im·
832 3481 904 3528 batur
918 3479 1045 3544 planitiae.
1081 3480 1177 3542 Legum
1193 3481 1275 3543 potius
1291 3480 1383 3531 medio.

239 3567 367 3624 minabat,
393 3565 485 3628 siquis
502 3576 605 3612 manere
621 3563 681 3620 isto,
698 3568 726 3610 ut
742 3577 787 3624 par
833 3562 906 3610 Talia
930 3568 1034 3610 noverat
1055 3559 1249 3620 Grammaticus,
1266 3562 1310 3625 qai
1327 3563 1384 3613 Ho-

240 3653 305 3704 erat,
331 3646 403 3707 drngi
426 3645 510 3692 vellet.
546 3643 594 3692 Sed
621 3644 693 3706 vigor
709 3648 734 3690 et
749 3643 786 3690 in·
831 3642 895 3692 ratio
912 3642 1002 3690 adiecit
1020 3642 1103 3692 Garun
1122 3643 1157 3691 II.
1178 3647 1215 3692 19.
1234 3641 1385 3694 Paciseras

240 3727 335 3776 dustria
351 3741 403 3774 non
421 3731 491 3774 erant
507 3730 572 3772 tute:
590 3726 678 3783 tutior,
697 3723 786 3772 certior
832 3723 971 3786 mediusque
988 3723 1052 3772 belli.

241 3813 293 3858 erat
309 3807 411 3864 inertia,
430 3819 459 3854 ea
475 3805 564 3853 melius
580 3806 655 3853 fidere
663 3809 785 3867 poterant,
867 3801 1014 3853 Intemelioa.
1034 3805 1152 3854 Vaticani
1169 3806 1194 3853 in
1212 3805 1308 3870 templa.
1320 3807 1383 3872 Lip-

241 3891 292 3939 imo
308 3903 353 3952 pro
370 3885 491 3950 sapientie
507 3885 651 3934 habebetiu.
691 3881 787 3931 Certum
832 3885 883 3933 sius
898 3899 957 3933 vere
973 3886 1115 3934 emendavit
1131 3884 1277 3934 Intemelios.

239 3979 264 4020 ct
281 3977 357 4018 tutum
374 3971 722 4030 suntsynonyme,quetenas
730 3979 786 4027 syn·
865 3963 987 4030 liguriae
1008 3983 1073 4031 para
1097 3976 1142 4016 est.
1168 3967 1292 4017 Nonnulli
1317 3969 1385 4020 haec

239 4067 334 4116 onyme
355 4051 458 4107 dantur,
483 4053 541 4094 sunt
557 4051 677 4109 cognatae
694 4045 786 4108 signifi·
833 4062 848 4095 a
872 4047 1007 4109 glossatore
1031 4047 1141 4110 prosecta
1157 4049 1298 4111 opinantur.
1317 4050 1382 4100 For·

240 4133 353 4183 cationis.
378 4131 451 4192 Virg.
479 4127 689 4175 nentriaco.
709 4123 786 4174 Isto·
833 4135 897 4176 tasse
922 4143 973 4176 non
990 4129 1094 4188 iniuria,
1112 4130 1147 4178 ait
1165 4129 1279 4178 Wexius.
1297 4130 1385 4180 Dron-

240 4231 282 4264 cus
299 4213 367 4263 urbis
382 4207 787 4271 erit,requieseoaertalohorum.
832 4209 890 4257 kias
902 4209 1013 4258 defendit
1029 4225 1062 4259 ex
1078 4225 1131 4274 cap.
1149 4215 1190 4260 22.
1213 4209 1328 4261 Vastatis
1341 4230 1384 4263 ue-

242 4297 277 4343 V.
296 4299 352 4343 349.
374 4292 448 4341 Certa
464 4305 576 4347 muuera;
589 4291 725 4352 quaeupud
734 4289 787 4337 Ho-
834 4305 880 4352 qne
897 4289 932 4338 ad
951 4289 1076 4348 Tanaum,
1094 4293 1221 4340 aestuario
1237 4303 1384 4356 ramaneat,

243 4375 334 4424 ratium
351 4382 405 4421 tnta
421 4386 524 4429 merces,
542 4370 642 4428 μισθὸς
658 4368 787 4434 ἀσφαλὴς,
834 4370 978 4419 notionibus.
1005 4372 1137 4420 Praeterea
1153 4375 1233 4422 marita
1247 4375 1329 4423 Taciti
1338 4391 1386 4426 cx-

244 4454 325 4521 ripae
342 4451 497 4502 ἀκίνδυνον.
532 4453 569 4501 Ut
586 4451 689 4511 ceritum,
707 4468 788 4511 orare,
836 4453 916 4516 ampla
942 4451 1020 4502 affert.
1057 4453 1111 4515 Ego
1128 4454 1193 4504 hanc
1210 4469 1310 4509 causam
1327 4461 1388 4509 nni-
