3130 5308
645 553 823 602 resroocr.
1278 539 1322 602 99

165 741 205 796 et
250 725 399 812 frequens
444 732 535 808 toga,
579 721 798 809 paulatimque
831 720 1001 788 discessum
1037 720 1077 786 sd
1110 719 1324 790 delenimenta

166 832 349 906 vitiorum,
396 826 535 915 porticus
577 838 609 893 et
643 826 756 893 belneu
787 840 820 892 et
854 828 1070 894 eonririorum
1104 826 1323 916 eleguutirmt

168 937 277 1024 idque
311 931 395 1021 opud
429 930 590 1019 imperitos
621 932 800 998 bumruites
824 933 1015 1012 vocabum,
1040 953 1139 1022 quum
1163 953 1235 1022 pers
1258 953 1323 1002 set·

170 1041 285 1108 vitetis
309 1050 401 1105 esset.

170 1239 230 1276 rue.
255 1225 359 1275 Veteres
376 1223 498 1284 Romani,
515 1231 544 1272 ut
559 1224 670 1288 plerique
686 1239 727 1288 pa
775 1224 907 1276 Sententia
931 1223 1050 1273 nimirum
1066 1225 1154 1274 modos
1170 1231 1195 1274 et
1212 1231 1324 1290 tempore

169 1307 232 1372 puli
244 1306 366 1364 victores,
382 1311 468 1356 nostre
483 1319 582 1370 quoque
598 1305 727 1364 memorie,
774 1307 908 1356 verborum
923 1305 1024 1355 indicet.
1043 1306 1084 1356 Ite
1099 1320 1124 1356 v.
1142 1319 1164 1354 c.
1183 1307 1249 1372 epud
1264 1305 1322 1358 Liv.

172 1387 366 1450 intelligebant,
382 1393 477 1452 quante
492 1387 531 1435 vis
547 1392 612 1436 esset
627 1387 728 1450 linguae
775 1389 810 1437 V.
836 1391 876 1438 27.
906 1384 990 1436 Tanta
1005 1384 1109 1435 mutatio
1126 1383 1214 1436 animis
1231 1393 1268 1436 est
1285 1385 1319 1435 in-

170 1471 211 1518 nd
235 1467 408 1532 propagendos
431 1466 529 1532 imperii
545 1467 646 1518 limites.
663 1466 727 1518 Con·
773 1469 852 1530 ieeta,
872 1477 913 1530 ut,
931 1467 975 1534 qui
991 1465 1060 1516 modu
1077 1466 1182 1532 efferati
1198 1465 1255 1518 odio
1272 1467 1322 1518 ira-

171 1557 286 1614 temptus
319 1555 344 1599 et
376 1549 470 1598 oblivio
499 1547 621 1598 sermonis
654 1549 727 1612 patrii
774 1566 820 1615 que
842 1547 979 1602 Veientium
996 1547 1087 1598 exitum
1098 1563 1261 1614 paenequam
1275 1546 1320 1598 Ga-

172 1638 216 1682 est
240 1645 297 1696 pure
314 1631 448 1680 servitutis.
467 1630 604 1694 Augustin.
621 1631 653 1680 de
671 1629 726 1680 Cir.
770 1631 898 1696 penatium
902 1647 991 1697 puceu
998 1627 1105 1690 mallent,
1114 1627 1322 1698 apudeospacem

173 1712 228 1762 Dei
245 1709 325 1762 XIX.
345 1714 368 1761 7.
387 1709 463 1760 Data
478 1719 516 1760 est
532 1725 624 1776 opera,
641 1717 668 1760 ut
685 1709 727 1760 im·
772 1710 888 1760 universa
895 1717 1011 1777 posceret
1024 1710 1121 1760 civitae.
1131 1723 1206 1760 nemo
1223 1709 1324 1760 mallent

168 1791 278 1858 perissa
302 1791 393 1842 civitas
417 1809 463 1841 non
484 1791 561 1840 solum
577 1789 672 1854 iuquur,
689 1806 727 1840 ue·
773 1791 942 1842 emendaverit
950 1791 978 1840 in
986 1787 1127 1840 maluissent
1135 1793 1176 1842 vel
1184 1791 1323 1842 maluerint.

172 1889 232 1923 rum
255 1873 330 1923 etium
347 1872 455 1938 uuquam
470 1887 540 1922 suum
556 1870 656 1922 domitis
671 1887 727 1936 qen-
806 1869 985 1936 Paulatimque
1015 1869 1147 1918 discessum
1177 1868 1214 1920 ad
1236 1867 1324 1922 munt·

173 1955 243 2006 tibus
262 1969 312 2021 per
330 1969 419 2020 pacem
434 1952 562 2003 societatis
578 1953 727 2018 imponeret,

169 2051 222 2100 per
240 2051 313 2099 quam
329 2051 376 2084 non
392 2033 498 2094 deesset,
516 2034 563 2083 imo
580 2042 604 2082 et
620 2031 727 2084 abundu-

172 2123 215 2166 ret
231 2115 306 2166 etiam
321 2115 482 2182 interpretum
491 2115 573 2181 copia.
591 2115 727 2174 Claudius,

172 2204 204 2246 ut
220 2203 306 2247 umet
323 2195 428 2246 Sueten.
445 2195 727 2262 o.16,splendidumui·

175 2293 243 2337 ram,
273 2275 445 2340 Graeciaeque
467 2276 612 2342 provinciae
633 2277 727 2342 princi·

171 2375 245 2424 pern,
260 2373 344 2406 uerum
360 2355 449 2406 Latini
474 2357 590 2406 sermonis
607 2357 728 2421 iquorem,

175 2456 221 2490 non
246 2437 315 2488 modo
337 2435 517 2496 ulboiudicum
533 2438 624 2498 erasit,
642 2439 728 2488 sedin

170 2517 728 2586 perr9rinitatenrede9tt.Exemplumuren·

175 2617 264 2652 aerum
280 2601 408 2651 neurinem
424 2599 505 2649 latuit.
514 2601 658 2662 IemHugo
667 2599 728 2649 Gro-

176 2685 228 2733 tius
245 2683 325 2746 Epist.
344 2686 402 2732 519.
425 2679 567 2732 Cardinalis
583 2680 729 2732 Riceliacus

179 2764 207 2814 in
235 2761 303 2814 Urbe
320 2771 344 2812 et
359 2760 498 2810 Academia
514 2762 554 2812 sui
570 2762 672 2812 nominis
688 2779 729 2812 ar·

177 2852 214 2892 tes
231 2851 256 2893 et
271 2842 392 2892 scientiae
413 2858 492 2892 omnes
509 2843 560 2892 vult
576 2841 664 2892 docere
679 2859 729 2894 ser·

177 2939 245 2974 mone
264 2922 377 2984 Gallico,
394 2939 425 2972 ac
442 2923 479 2972 sic
496 2923 729 2974 eiussermonisnon

175 3005 255 3054 minue
284 3019 358 3068 quam
382 3004 482 3069 imperii
501 3003 634 3070 prolatare
653 3005 729 3066 fines.

178 3087 250 3149 Ergo
274 3087 405 3136 Volterius
430 3101 453 3136 a.
472 3089 544 3146 1752,
563 3085 728 3149 Correspond.

177 3166 305 3218 ueneno
323 3168 354 3216 Τ.
371 3168 426 3218 ΙΙΙ.
440 3183 465 3232 p.
475 3172 536 3227 5³4,
546 3167 727 3230 dicerepotuit:

773 1960 853 2002 merto
877 1951 1000 2002 uitiorum.
1023 1949 1136 2000 Picheuu
1149 1950 1211 2014 legit
1228 1947 1324 2000 descen·

773 2050 833 2084 sum.
861 2034 963 2084 Tueitns
983 2031 1108 2096 vituperet
1126 2031 1263 2082 Britenuos
1279 2031 1325 2080 im·

773 2117 879 2180 peritos,
910 2114 955 2180 qui
988 2112 1162 2162 humanitatem
1185 2119 1324 2173 vocarent,

773 2211 837 2261 quse
861 2210 918 2259 pers
943 2200 1007 2245 esset
1032 2195 1165 2245 servitutis.
1184 2193 1261 2256 Quart
1277 2195 1324 2244 lin·

773 2292 849 2340 guum
866 2285 891 2327 et
907 2277 1020 2326 habitum
1038 2275 1181 2326 Romanum
1198 2276 1323 2328 imitaren-

773 2365 827 2418 tur,
853 2358 949 2422 ignosci
973 2365 1082 2420 poteret,
1105 2359 1180 2408 modo
1198 2373 1249 2406 non
1266 2372 1324 2420 peu.

773 2440 845 2489 letIm
861 2439 922 2488 vitiu
938 2453 1037 2503 quoque
1053 2445 1136 2489 essent
1153 2438 1252 2488 imituti.
1262 2437 1323 2488 Por-

774 2520 850 2578 ticus,
876 2519 979 2580 bulnee,
1004 2519 1177 2569 conviviorum
1199 2519 1324 2582 elegantis

774 2606 832 2649 sunt
856 2600 999 2650 testimonie
1023 2601 1107 2649 luxus.
1134 2597 1225 2664 Culpet
1250 2599 1325 2650 simul

774 2681 904 2746 populures
929 2696 999 2741 suos,
1026 2687 1051 2730 et
1075 2682 1212 2732 Britannos
1238 2695 1325 2731 eorum

774 2762 864 2812 luxum
887 2769 1026 2828 sequentes.
1060 2763 1093 2814 In
1119 2761 1257 2812 descensum
1288 2771 1326 2813 est

774 2843 845 2894 notio
868 2844 1043 2908 turpitudinis,
1064 2844 1222 2894 descenditur
1238 2860 1254 2894 e
1269 2843 1326 2894 loco

775 2925 900 2986 superiore
917 2926 950 2974 sui
966 2924 1125 2984 inferiorem,
1143 2938 1158 2972 s
1174 2924 1277 2974 meliore
1294 2927 1327 2976 ati

774 3005 892 3068 peiorem.
920 3005 1049 3054 illustravi
1071 3005 1104 3054 ed
1120 3001 1222 3052 Horutii
1240 3001 1325 3054 Cerm-

774 3099 799 3148 p.
822 3089 879 3134 303.
905 3083 1065 3143 descendere,
1090 3079 1216 3141 decidere,
1235 3079 1325 3142 delabi,

776 3163 805 3214 si
835 3164 954 3213 Britanni
983 3165 1100 3214 dicuntur
1125 3161 1269 3214 discessisse
1292 3161 1329 3212 ad

180 3247 236 3298 cJe
261 3248 313 3298 suis
328 3251 439 3314 toujours
455 3247 598 3298 emerveilld
614 3249 658 3297 des
674 3263 728 3310 pro·
774 3245 851 3308 vitia,
874 3247 1039 3297 discesserunt
1064 3261 1080 3298 u
1100 3245 1188 3304 rebus,
1204 3259 1267 3309 ques
1283 3259 1326 3294 en·

177 3327 250 3392 mes,
275 3342 324 3392 que
347 3336 420 3381 notre
444 3331 537 3392 lengue
561 3327 650 3378 sfeits
666 3331 728 3380 dens
774 3335 799 3378 te
815 3329 993 3392 sequebantur:
1020 3327 1185 3378 discesserunt
1202 3325 1278 3390 igitur
1295 3325 1326 3376 eb

177 3410 216 3458 les
240 3424 303 3474 peys
321 3411 460 3474 e‘trungers;
478 3425 512 3460 on
528 3416 565 3458 est
582 3423 613 3458 eu
631 3409 728 3460 Frenee
774 3411 867 3460 artibus
891 3410 1050 3469 liberalibus,
1075 3423 1091 3458 e
1112 3407 1194 3456 studio
1209 3404 1325 3470 linguae,

177 3491 219 3540 de,
234 3491 342 3554 quelque
366 3491 421 3540 cote
445 3505 494 3556 que
517 3489 571 3540 l'on
588 3505 614 3541 se
631 3498 728 3541 tourne.
775 3493 807 3542 eb
830 3506 878 3540 usu
902 3491 1019 3550 vestitus,
1037 3492 1069 3540 ab
1085 3487 1247 3540 aedificando.
1266 3483 1327 3537 Om-

178 3571 252 3620 Vons
274 3584 335 3622 ever
352 3572 449 3636 nequis,
466 3572 615 3632 Messieurs,
630 3573 729 3636 lshMo·
775 3573 818 3622 nie
843 3573 891 3621 istu
907 3572 1076 3622 deseruerunt.
1102 3573 1132 3624 Si
1154 3574 1270 3624 dicuutur
1287 3571 1327 3622 de-

178 3652 281 3702 unrohie
314 3652 465 3702 universelle
489 3651 566 3718 qu'on
591 3653 730 3716 reprocheit
776 3651 898 3702 scendisse
914 3651 950 3701 ad
965 3652 1037 3714 vitia,
1055 3653 1150 3706 autum
1166 3656 1233 3708 vitre
1241 3656 1326 3707 melio·

178 3735 198 3782 b
215 3729 294 3782 Loris
313 3731 398 3792 XIV,
415 3739 441 3782 et
456 3733 518 3799 qu'il
535 3733 595 3784 ituit
611 3733 730 3784 bienloin
775 3749 830 3786 rem
846 3735 984 3786 deseruisse
999 3736 1328 3799 haudneeesseeret,hunc

178 3811 303 3864 d'uvoir.''
330 3814 427 3864 uadem
452 3820 504 3864 eret
525 3829 566 3864 urs
584 3813 729 3878 Agricolae.
776 3831 834 3866 cum
850 3816 918 3867 vitiis
934 3817 1086 3881 coniungere
1101 3825 1244 3883 potuerunt
1268 3817 1354 3870 We·‘·'

179 3895 297 3945 Primum
309 3895 374 3944 filios
386 3895 527 3959 principum
539 3897 676 3956 erudiebet,
684 3897 731 3946 lin·
776 3899 847 3950 xius:
876 3900 928 3948 uIn
950 3900 1040 3948 vocula
1064 3898 1103 3948 dis
1122 3901 1172 3950 hoa
1192 3901 1247 3949 loco
1264 3897 1329 3948 nibil

178 3990 244 4040 guae
253 3977 732 4042 umoremnouobtrudit;cetereeponte
777 3980 856 4040 inest,
878 3981 928 4030 nisi
944 3981 1012 4044 quod
1027 3994 1044 4029 e
1058 3980 1157 4030 virtutis
1173 3979 1216 4028 viu
1232 3980 1328 4028 aberra·

179 4064 297 4110 securus
317 4064 426 4121 putens,
442 4064 471 4106 ut
495 4065 579 4108 secum
602 4065 669 4110 sunt.
686 4060 732 4110 Er·
778 4061 860 4112 rent.''
877 4067 932 4112 tum
948 4061 1034 4110 laudet
1051 4059 1180 4112 Ciceronis
1197 4058 1327 4121 astrion,

179 4146 266 4192 nesius
282 4153 328 4203 pro
342 4138 478 4188 abnuebant
491 4140 630 4190 coniecerat
646 4141 732 4190 abnue·
779 4158 795 4190 a
815 4141 872 4204 fide
905 4141 1052 4205 iustitiaque
1079 4138 1213 4191 discedere.
1246 4139 1328 4190 Kritz.

179 4228 253 4280 rant,
279 4225 304 4268 et
329 4219 476 4279 abnuerent,
501 4221 631 4283 vulgatum
648 4229 732 4272 temen
781 4223 897 4286 »epatris
906 4223 1062 4285 simplicitate
1079 4228 1104 4272 et
1119 4219 1238 4271 virtute.''
1252 4219 1330 4272 Recte

179 4314 280 4366 quoque
295 4306 392 4351 rectum
408 4315 462 4351 esse
479 4301 599 4364 agnoscit.
631 4303 665 4352 Et
682 4309 731 4352 est:
778 4303 1328 4362 credo,siilluvirtassnteeessetmemorsts.

179 4383 248 4434 modo
280 4383 432 4443 abnuebant,
463 4399 541 4448 quum
564 4385 662 4447 legatus
685 4386 732 4450 sor·
813 4381 934 4434 Porticus
959 4392 983 4432 et
1007 4381 1095 4433 balnea
1120 4389 1145 4432 et
1168 4381 1330 4437 conuiuiorum

179 4473 244 4516 tense
270 4479 313 4514 eos
337 4463 451 4528 linguent
476 4466 601 4516 eildiseere
626 4473 732 4530 cogeret.
780 4465 934 4531 elebantiam.
962 4465 1093 4530 Quantum
1110 4465 1201 4518 mutati
1218 4467 1250 4517 eb
1266 4466 1329 4529 illis,
