3074 5310
627 519 801 569 remcort.
1242 511 1304 574 175

161 683 428 750 nobilissimarum
453 685 643 753 feminarum
667 687 776 753 exsilia
799 699 831 753 et
853 689 955 776 iuges.
983 686 1055 753 Une
1080 688 1184 756 adhuc
1207 693 1305 757 ricto-

161 791 206 854 rie
241 788 338 855 Gerus
374 789 487 855 Metius
523 791 734 869 censebatur,
765 805 796 858 ct
820 794 903 856 intre
928 790 1083 859 Albanam
1107 817 1211 860 urcem
1236 819 1305 862 sen·

159 896 259 964 tentia
317 893 476 960 Messalini
511 896 687 986 strepebat,
724 908 755 962 et
790 897 891 963 Messe
928 897 1063 966 Baebius
1098 900 1193 966 etiam
1235 913 1304 966 tum

161 1024 231 1067 reus
267 1012 346 1066 eret.
395 1000 466 1065 Mox
499 1014 621 1066 nostrae
645 1001 760 1067 duxere
786 1002 967 1068 Helvidium
992 1005 1025 1068 in
1050 1026 1208 1070 carcerem
1232 1028 1302 1069 ma·

161 1128 242 1182 nus,
280 1128 337 1170 nos
370 1103 504 1170 Maurici
546 1106 732 1193 Rusticique
755 1107 853 1184 risus,
879 1119 937 1172 nos'
959 1109 1123 1174 innocenti
1147 1110 1305 1198 sanguine

162 1353 268 1418 reponit,
294 1351 354 1402 Nan
379 1352 475 1412 timuit,
492 1353 627 1416 meruitque
642 1355 712 1404 mori.
758 1363 811 1413 tur,
829 1354 978 1413 iudicentur,
996 1353 1305 1412 aestimanturnnntrem-

161 1434 216 1484 Ubi
240 1435 289 1496 leg.
313 1432 418 1498 Effupr't
428 1434 489 1498 sati
504 1433 623 1484 immunis.
657 1436 712 1486 Nec
756 1449 805 1500 que
826 1442 935 1498 purtem,
952 1441 981 1484 ut
997 1434 1033 1483 ite
1048 1434 1181 1482 laudentur
1197 1435 1238 1484 vel
1254 1436 1305 1486 cul·

161 1515 250 1564 meruit
265 1515 458 1564 sollicitandum.
474 1516 711 1581 Vultenimpoite,
755 1521 853 1578 pentus.
880 1516 970 1563 Burm.
994 1515 1074 1564 multe
1098 1515 1129 1564 de
1154 1514 1202 1562 hoe
1227 1518 1304 1568 uerbo

162 1594 294 1646 Glauciam
310 1609 355 1644 sne
371 1597 510 1646 constantis
526 1597 574 1646 hoc
590 1611 644 1648 csse
661 1613 710 1648 me·
754 1595 1016 1658 congessitudRutilii
1025 1597 1077 1644 lter
1084 1595 1107 1644 1.
1117 1599 1207 1654 otest
1217 1595 1305 1648 Seren.

159 1678 250 1735 ritum,
266 1683 295 1726 ut
310 1682 460 1735 moreretur,
478 1677 528 1726 Dei
543 1685 649 1728 mortem
658 1680 709 1739 illi,
757 1675 911 1726 Summonic.
942 1682 979 1726 16.
1006 1676 1058 1726 Sed
1082 1675 1190 1725 haesisse
1208 1677 1306 1728 videtin

162 1765 291 1821 tumquem
315 1773 400 1806 munus
425 1759 555 1808 donarent.
581 1760 710 1810 Marklan-

159 1839 216 1888 dius
240 1837 380 1900 corrigebat
403 1838 511 1888 renuitve
527 1841 597 1889 mori.
612 1842 655 1890 Ex
671 1855 709 1892 ee·

159 1922 219 1970 dem
243 1919 367 1968 sententie
391 1919 512 1968 Eruestus
534 1921 710 1986 interpretabe·

158 2009 200 2050 tur
217 2001 299 2050 Taciti
316 2001 412 2050 Annei.
430 2001 480 2052 IV.
498 2006 537 2052 62.
556 2001 594 2053 Et
609 2003 649 2053 illi
657 2005 709 2068 qui·

160 2081 226 2140 denr,
253 2097 313 2144 qnos
326 2081 479 2146 principium
495 2085 589 2149 strapis
606 2086 632 2134 in
648 2101 708 2134 mor·

159 2171 206 2212 tem
231 2159 386 2224 adflixerat,
407 2171 434 2211 ut
454 2163 501 2213 tuli
518 2174 596 2226 sorte,
614 2167 709 2216 crucia-

160 2251 210 2291 tum
226 2241 347 2306 effupere.
372 2240 514 2296 Miserandi
530 2247 621 2310 napis,
638 2264 706 2311 quos,

159 2324 269 2387 abrupta
289 2331 366 2388 parte
391 2326 519 2390 eorporis,
536 2327 639 2376 nondum
655 2329 708 2378 vita

159 2409 312 2458 deseruerat.
348 2416 419 2472 putet
444 2409 565 2458 Ernestus
590 2409 707 2458 Tacitum

158 2491 287 2555 reliquisse
303 2491 495 2553 intelligendum
505 2489 614 2555 felices,
624 2491 706 2554 etple-

158 2587 220 2622 num
244 2585 312 2620 esse:
338 2571 525 2630 attalicum,
537 2569 645 2634 felices,
664 2571 707 2634 qui

156 2653 293 2702 nudatum
309 2653 464 2717 effuqissent.
482 2652 579 2711 Locus,
589 2659 660 2715 puto,
671 2651 706 2701 fs·

156 2734 229 2782 cilius
254 2733 417 2796 intelligetur,
435 2739 531 2782 mutata
547 2734 706 2784 distinctione

156 2823 182 2864 et
198 2815 296 2864 sublato
312 2814 473 2877 glossemate:
492 2811 584 2864 Erilli
601 2814 704 2878 quidem,

155 2911 218 2960 quos
234 2896 386 2958 principium
401 2896 490 2958 stragis
506 2895 533 2944 in
550 2902 657 2944 mortem
664 2898 705 2945 sd·

155 2977 267 3036 flixerat,
286 2985 313 3025 ut
331 2974 378 3024 tuli
394 2984 472 3035 sorte,
493 2975 640 3026 miserendi:
657 2993 706 3026 ntu-

155 3059 207 3123 pis,
230 3073 291 3120 quos
307 3057 417 3120 abrupta
429 3064 507 3121 parte
523 3055 635 3120 eorporis
651 3073 705 3106 non·

154 3139 211 3188 dum
227 3139 281 3187 vita
297 3136 448 3186 deseruerat.

188 3217 407 3269 Nobilissimorum
418 3217 571 3281 sentinarum
583 3217 674 3267 exsilia
682 3225 706 3266 et

150 3303 242 3367 supas.
269 3300 431 3349 Burmannus
455 3299 560 3349 editioni
576 3299 646 3362 Lips.
664 3300 705 3346 ed·

156 3383 299 3447 scripserat:
312 3379 480 3445 familiarum.
497 3379 556 3428 Non
572 3393 705 3429 memores-

153 3479 221 3524 sem‚
238 3463 289 3512 nisi
305 3463 411 3511 eundem
427 3463 595 3510 coniecturam
610 3461 637 3509 in
651 3460 705 3510 Au·

156 3545 217 3594 thol.
244 3543 338 3592 Letina
363 3543 395 3590 Τ.
413 3543 451 3591 II.
468 3557 493 3606 p.
512 3545 568 3600 693,
585 3541 705 3604 prodidis-

154 3633 201 3676 set.
220 3625 278 3675 Iem
291 3623 421 3673 Dronkius
429 3623 540 3672 defendit
542 3621 704 3686 feminarum,

156 3715 182 3758 et
198 3708 302 3758 nomine
319 3703 565 3764 Gratillae,Arriee,
576 3703 705 3761 Fenuiee,

156 3789 255 3838 Plinius
272 3786 388 3835 seruerit.
407 3785 509 3834 Tacitus
526 3783 642 3846 exempla
658 3782 705 3832 ista

755 1757 782 1806 in
807 1771 859 1806 une
882 1757 962 1807 laudis
987 1756 1176 1821 significatione.
1203 1758 1305 1808 Tacitus

754 1839 842 1886 acerbe
868 1838 899 1886 de
923 1837 1017 1896 Metio,
1042 1836 1113 1901 qussi
1129 1837 1236 1888 dixerit:
1254 1854 1306 1888 uns

755 1919 836 1967 adhuc
859 1919 964 1968 victorie
988 1925 1040 1968 erut
1061 1921 1171 1972 insumis.
1189 1923 1250 1974 Fuit
1267 1925 1305 1974 in·

754 2006 861 2062 terpres,
878 1999 922 2063 qui
939 2000 1055 2050 Tacitum
1071 2003 1098 2052 in
1116 2005 1218 2054 nomine
1240 2002 1302 2054 Oari

754 2081 842 2130 lusisse
858 2086 963 2144 poteret.
990 2081 1073 2131 Tuutn
1089 2084 1183 2147 ineptia
1201 2086 1228 2136 in
1246 2101 1304 2137 euru

754 2161 841 2211 cedere
866 2176 917 2210 nou
942 2162 1030 2224 potnit.
1078 2165 1134 2214 Vix
1158 2169 1304 2218 conceditur

753 2244 852 2306 poetae,
871 2257 917 2292 nee
934 2243 983 2292 nisi
999 2244 1026 2292 iu
1044 2243 1306 2310 Satire,velepistolu

752 2322 882 2383 familiari,
899 2323 985 2387 quales
1002 2322 1142 2375 Ovidiunee
1159 2342 1192 2376 ex
1209 2329 1302 2389 Ponto,

753 2412 778 2454 et
796 2406 822 2455 in
841 2405 974 2454 Tristibus.
992 2405 1073 2456 Statio
1090 2407 1193 2470 quidem
1210 2409 1235 2456 in
1254 2411 1304 2472 epi·

753 2485 816 2534 stole
841 2486 873 2533 nd
895 2485 1028 2535 Meliorem
1044 2486 1167 2536 Ateditun
1183 2487 1246 2539 Silr.
1265 2492 1303 2540 ΙΙ.

752 2565 855 2614 fortusse
880 2565 1045 2629 imprudenti,
1072 2569 1177 2618 excidit:
1196 2568 1303 2632 Melior,

751 2645 790 2695 eir
806 2646 905 2711 optime.

770 2725 1303 2796 Etiamtumreuserat.ItuGronoviuslege·

749 2809 881 2860 betethoc
889 2812 1238 2876 meliusvidetur.Vulgoiam
1246 2823 1303 2864 turn.

752 2887 808 2938 Iam
832 2899 882 2939 tura
904 2892 1027 2954 significet
1052 2893 1153 2942 initium
1169 2896 1302 2945 meliorum

751 2976 904 3033 temporum,
930 2972 1003 3020 etiam
1034 2980 1083 3020 turn
1107 2975 1184 3022 finem
1208 2982 1302 3040 tempo

751 3066 808 3100 rum
832 3053 945 3100 nondum
969 3067 1070 3115 prorsus
1092 3062 1144 3102 tum
1160 3056 1301 3117 mulorum,

750 3147 827 3195 quern
843 3147 906 3196 quse
923 3140 1006 3182 secute
1023 3141 1089 3183 sunt.
1106 3135 1188 3185 Tucit.
1204 3137 1300 3188 Annei.

751 3214 774 3262 I.
801 3219 824 3264 3.
848 3212 918 3262 Nom
934 3215 1008 3264 etiarn
1025 3223 1074 3264 tunt
1091 3214 1170 3282 leyuto
1188 3234 1204 3266 a
1221 3228 1300 3270 centu·

751 3293 861 3345 tionibus
875 3296 1024 3361 parebatur.

785 3374 848 3425 Mox
872 3384 971 3426 nostrae
995 3376 1087 3426 duxere
1111 3377 1253 3429 Heluidium
1274 3381 1300 3432 in

751 3473 874 3507 carcerem
897 3473 991 3508 manus.
1008 3458 1135 3509 Numerus
1152 3462 1298 3522 verborum,

750 3552 807 3586 meo
815 3553 897 3598 sensu,
905 3539 971 3588 tristi
979 3539 1100 3588 suavitate
1108 3541 1298 3605 pulcherrimus,

750 3619 830 3682 posite
845 3621 991 3683 praesertim
1007 3619 1034 3669 in
1050 3620 1101 3668 fine
1115 3637 1207 3673 manus.
1226 3625 1300 3676 Telis

750 3701 843 3750 fiebunt
867 3702 894 3750 in
911 3704 1012 3751 senetul
1031 3702 1130 3751 Plinius
1147 3705 1228 3768 Epist.
1245 3707 1297 3758 IX.

753 3787 791 3832 13.
818 3780 902 3831 Porro
926 3782 990 3832 inter
1011 3781 1088 3833 multa
1104 3784 1199 3836 scelera
1215 3787 1298 3838 multo·

156 3869 274 3920 mritiee
298 3865 434 3916 Cecssrum
458 3867 575 3916 adversus
600 3864 705 3914 reminas
751 3880 805 3912 runt
829 3864 919 3914 nullum
941 3862 1051 3913 atrocius
1066 3863 1209 3926 videbatur,
1226 3883 1298 3930 quam

156 3952 217 4000 stibi
233 3962 331 4014 quoqne
348 3953 459 4006 annotet,
476 3954 505 3996 ut
522 3947 616 3996 Annei.
627 3945 704 3994 XIV.
752 3944 818 4008 quod
832 3945 857 3994 in
870 3953 955 3992 senatu
973 3952 1071 3993 senator
1088 3948 1210 4006 senatori,
1222 3965 1298 4013 prue-

161 4036 198 4080 12.
216 4031 260 4080 nbi
277 4030 346 4078 Nero
357 4027 470 4094 sentinas
487 4027 598 4078 illustres
608 4025 706 4076 Iuniani
753 4027 830 4075 torius
855 4024 991 4085 consulari,
1013 4042 1054 4074 reo
1072 4025 1145 4075 iudex
1161 4043 1246 4078 manus
1263 4029 1299 4079 in·

157 4120 182 4160 et
202 4110 362 4176 Calpurnium
378 4107 704 4173 sedibuspatriisreddidit,
752 4107 854 4156 tulisset.
881 4106 961 4156 Tucit.
986 4107 1083 4157 Hister.
1109 4109 1159 4158 IV.
1183 4115 1223 4160 41.
1240 4110 1298 4160 Nec

157 4200 183 4242 et
206 4207 271 4257 quae
295 4194 327 4243 de
352 4191 436 4240 Lollia
454 4192 561 4240 Pauline
577 4196 603 4240 et
620 4188 706 4240 Sileno
751 4187 848 4236 destitit
870 4195 970 4236 senatus
993 4204 1078 4237 manus
1098 4188 1220 4240 intentare
1250 4190 1300 4240 Vo-

155 4275 290 4324 uddnntnr.
751 4266 922 4327 celandam
951 4269 1023 4318 curia
1045 4268 1179 4319 eaeemret.
1212 4271 1299 4336 Atque

197 4354 255 4405 Una
279 4354 359 4404 adbuc
382 4353 489 4404 victoria
514 4347 594 4400 Carus
611 4349 706 4402 Metius
750 4349 818 4398 hune
834 4348 936 4413 quidam
951 4349 1076 4400 meritum.
1095 4350 1144 4400 vis
1160 4358 1244 4404 tumen
1262 4353 1299 4406 iu·

154 4438 306 4487 censebatur.
328 4437 451 4486 Homines
468 4448 495 4484 rs
513 4434 596 4498 alique
613 4447 706 4484 censen·
752 4431 829 4493 digna
846 4435 941 4480 senatu.
