3130 5308
249 485 313 572 150
660 505 814 552 consata
838 505 949 552 rrcrrr

251 683 347 738 cantu
363 670 556 762 fremituque
578 684 609 741 et
622 671 811 742 clamoribus
823 670 966 738 dissonis.
990 669 1122 760 Iamque
1134 674 1260 760 agmina
1273 723 1281 754 ,
1296 687 1326 742 et
1340 697 1396 740 ar-

248 797 375 844 morum
412 777 550 866 fulgores
591 777 801 845 ardentissimi
840 777 995 864 cuiusque
1026 798 1203 866 procursus
1229 780 1324 846 simul
1346 781 1399 846 iu·

249 883 430 950 struebatur
459 884 560 962 acies,
597 906 696 973 quum
721 880 892 970 Agricola,
917 901 1113 971 quamquam
1135 881 1255 948 laetam
1279 897 1311 950 et
1343 886 1398 950 uix

248 988 455 1053 munimentis
478 989 650 1055 coercitum
674 987 808 1054 militem
834 985 1072 1052 accendendum
1097 985 1201 1054 adhue
1226 1001 1331 1066 ratus,
1346 990 1395 1054 ita

251 1091 417 1158 disseruitt

249 1259 350 1310 thenas:
376 1267 417 1320 et,
443 1266 471 1310 ut
484 1259 596 1310 barbaris
612 1261 700 1322 maris,
726 1267 798 1308 cantu
843 1259 884 1324 ra]
898 1258 1015 1324 prodidit
1027 1259 1300 1324 pauoremanimcrum.
1323 1261 1399 1312 Idem

249 1354 286 1405 sq.
309 1341 418 1392 Wexius
441 1341 608 1406 reputandum
632 1346 731 1400 monet,
748 1341 797 1390 ala·
844 1335 937 1388 XXX.
955 1345 996 1389 34,
1019 1335 1155 1404 Ooaqraens
1172 1337 1263 1390 clamor
1277 1337 1399 1390 aRoma·

247 1423 362 1472 critatem
385 1423 509 1484 proditam
530 1435 583 1471 esse
599 1426 675 1470 canta
687 1421 798 1470 fremitu-
843 1419 882 1468 nis
897 1421 1064 1484 nequemaior
1080 1429 1103 1470 et
1112 1417 1266 1477 terribilium
1284 1420 1400 1472 dissonae

248 1515 311 1566 que,
327 1502 395 1566 quod
410 1502 493 1566 ipsum
508 1501 535 1550 in
552 1515 622 1552 more
635 1503 797 1552 barbarorum
842 1497 907 1561 illis,
924 1509 951 1549 ut
966 1499 1071 1567 pontium
1087 1499 1218 1550 multarum
1233 1501 1398 1567 discrepanti·

246 1582 357 1645 positum
378 1587 439 1631 erut.
464 1581 521 1644 Ego
546 1581 644 1630 alacres
663 1595 698 1630 ex
714 1582 797 1644 glossa
842 1578 886 1630 bus
908 1579 1012 1646 linquis,
1037 1597 1114 1630 uoces.
1141 1579 1196 1631 Nea
1218 1581 1321 1632 Tacitus
1338 1581 1398 1634 Bri·

246 1661 385 1724 prol'actum
397 1662 515 1724 suspicor.
532 1659 796 1724 Alacritasincantu,
841 1667 931 1711 tannae
948 1664 1032 1713 laudat
1049 1663 1075 1711 in
1093 1659 1261 1713 ardentissimi
1278 1663 1397 1728 cuiusque

246 1733 348 1792 fremitu
361 1749 386 1792 et
399 1743 549 1792 clamoribus
561 1743 795 1793 dissonistantaex-
838 1758 970 1806 procursu.
996 1741 1106 1792 Effectus
1126 1743 1246 1794 orationis
1268 1745 1300 1794 ab
1320 1744 1398 1808 Agri·

245 1824 374 1886 primitur,
391 1829 419 1873 ut
435 1825 509 1888 piane
523 1826 795 1888 supervacuumvidea-
840 1824 897 1872 cols
920 1821 1020 1875 habitae
1039 1825 1116 1888 longe
1136 1825 1200 1874 alius
1221 1831 1290 1876 erat:
1315 1827 1398 1876 altum

246 1913 288 1954 aar
311 1906 432 1971 quidquid
453 1906 537 1955 addas.
561 1905 690 1969 Excepere
705 1905 794 1955 crano-
841 1905 984 1964 silentium
1014 1905 1059 1956 sed
1087 1919 1117 1954 eo
1142 1906 1223 1956 adhuc
1249 1907 1397 1970 alloquente

246 1999 317 2048 uem,
339 1992 368 2035 ut
383 1987 494 2038 barbaris
510 1987 602 2047 moris,
622 1992 698 2036 cantu
712 1986 795 2037 fremi-
840 1985 949 2035 militum
963 1987 1036 2036 ardor
1050 1987 1192 2046 eminebat,
1210 1991 1234 2036 et
1249 1985 1326 2036 finem
1339 2001 1396 2037 ora·

245 2072 323 2130 taque
344 2073 369 2116 et
388 2068 537 2116 clamoribus
553 2068 668 2117 (insonis.
692 2068 725 2116 In
741 2067 795 2118 vul·
839 2062 915 2114 donis
939 2065 1028 2130 iugens
1050 2067 1164 2116 alacritas
1188 2075 1323 2117 consecuta
1341 2075 1396 2130 est,

245 2153 304 2210 gato
320 2148 365 2196 vix
373 2148 459 2198 deesse
466 2154 547 2210 potest
555 2148 675 2211 particula
683 2155 715 2196 et.
730 2145 795 2198 Cum
839 2146 972 2208 statimque
994 2147 1027 2196 ad
1045 2161 1116 2196 arma
1135 2147 1282 2198 discursum.
1310 2147 1395 2198 Plane

245 2241 297 2275 non
311 2226 408 2288 legatur
423 2228 451 2276 in
468 2227 540 2286 Mas,
556 2229 583 2276 in
597 2227 687 2276 iisdem
696 2225 794 2276 alacres
838 2231 867 2276 ut
891 2229 957 2289 apud
971 2227 1123 2290 ¹Homerum
1143 2229 1176 2278 11.
1208 2223 1255 2286 Δ,
1281 2231 1339 2277 429.
1367 2225 1398 2276 οἶ

245 2321 297 2356 non
318 2307 411 2355 lectum
427 2306 504 2356 fuisse
519 2309 626 2358 videtur.
653 2309 721 2356 Etsi
737 2307 794 2358 offe·
841 2305 868 2355 d'
884 2303 1047 2372 11111ιά1111
1064 2305 1139 2358 ioan.
1158 2303 1226 2358 aaut
1245 2325 1274 2357 us
1291 2307 1395 2374 φαίης,

244 2393 313 2436 ctum
329 2389 527 2450 consideremus,
548 2403 623 2452 quem
631 2388 733 2438 Tacitus
741 2403 793 2438 cru·
840 2386 941 2436 Τόσσον
976 2386 1042 2438 λαὸν
1068 2381 1210 2458 ἔσεσθαι,
1243 2383 1334 2454 ἔχοντ’
1362 2389 1396 2438 ἐν

245 2472 310 2521 tioni
326 2471 428 2534 Calgaci
443 2480 468 2522 et
481 2473 617 2537 Agricolae
629 2475 738 2524 tribuere
751 2489 793 2524 vo·
839 2471 973 2535 στήθεσνν
1010 2469 1109 2536 αὐδὴν.
1141 2472 1218 2537 lurp*
1248 2471 1395 2532 δειδιότες

246 2552 308 2610 luit,
325 2558 399 2615 atque
407 2553 483 2601 ctiam
491 2554 602 2604 veritatis
610 2556 744 2604 observans
753 2556 792 2604 de·
838 2551 1025 2620 σημάντορας,
1041 2555 1085 2618 qui
1109 2556 1145 2604 ita
1160 2569 1304 2618 comparare
1320 2556 1388 2606 solet

247 2636 309 2694 buit,
315 2633 477 2694 eremitatem,
486 2649 550 2696 eam,
556 2653 632 2702 quam
638 2639 666 2687 in
672 2638 793 2690 Romanis
838 2635 910 2684 ferox
925 2637 1053 2684 silentium
1068 2635 1230 2686 Achaeorum
1244 2652 1302 2686 cum
1319 2652 1391 2688 vano

240 2717 356 2778 graviter
377 2722 403 2764 et
427 2729 531 2766 nervose
554 2718 675 2778 ostendit,
693 2719 720 2767 in
736 2719 792 2767 Bri·
837 2715 946 2764 clamore
964 2717 1141 2766 Troiammm.

245 2801 329 2850 tenuis
348 2814 399 2848 non
418 2798 494 2849 fuisse
510 2800 569 2849 satis
583 2801 715 2864 significat.
741 2800 792 2852 En
870 2794 1053 2848 decendentium
1068 2796 1303 2848 adiuaratus.1ta
1323 2799 1392 2848 Mss.

243 2899 331 2950 capere
353 2883 499 2942 oratiorum,
524 2891 551 2932 ut
572 2884 685 2936 barbaris
709 2888 792 2936 moris,
837 2877 991 2928 Puteolanus
1036 2879 1155 2928 omiserat
1195 2878 1392 2939 accendendum

245 2965 384 3029 Scriptores
409 2978 482 3028 saepe
506 2964 574 3014 huno
593 2981 690 3017 morem
707 2969 791 3018 barba,-
835 2973 912 3023 quere
938 2960 1038 3024 Lipsius
1062 2960 1177 3024 legebat:
1195 2959 1327 3010 acuendum
1345 2976 1392 3010 ru·

243 3061 330 3096 rorum
354 3047 390 3096 ita
412 3052 567 3106 memorant,
593 3054 621 3096 ut
647 3049 700 3100 fare
719 3065 791 3114 appa·
836 3048 892 3101 tus,
917 3045 960 3090 aut
982 3039 1139 3090 incitandum.
1157 3040 1269 3091 Gronov.
1286 3041 1390 3092 militem

243 3133 297 3176 reat
310 3141 353 3176 eos
369 3128 396 3175 in
415 3126 628 3179 animohsbuissq
640 3129 715 3180 illud,
733 3129 791 3180 mul.
836 3120 1021 3172 mactaturus.
1047 3121 1161 3172 Grotius:
1185 3122 1284 3172 militem
1300 3121 1394 3172 adlter-

245 3215 295 3256 tum
320 3205 435 3254 clamoris
453 3221 545 3268 parum
564 3207 643 3258 lanae.
669 3210 726 3274 Ipsa
741 3211 789 3260 012.
836 3211 911 3254 tatus.
928 3203 962 3252 Et
978 3208 1066 3252 notum
1082 3204 1109 3252 in
1125 3202 1174 3252 hac
1188 3217 1216 3254 rc
1233 3202 1386 3264 adhortari,

243 3301 299 3338 mor
320 3285 433 3336 dissonus
453 3287 613 3336 indicatnon
627 3289 681 3351 pari
696 3291 789 3340 animo.
834 3297 881 3334 nec
904 3299 965 3334 vero
988 3285 1072 3334 miuus
1096 3285 1210 3334 additum
1226 3292 1308 3334 ratus.
1328 3285 1391 3335 Liv.

242 3385 300 3420 nam
312 3369 400 3418 ardore
414 3367 549 3416 *sublatum
566 3367 659 3418 Varius
676 3376 729 3420 arat
744 3386 789 3435 pro
835 3364 915 3416 XXI.
933 3369 974 3414 25.
993 3363 1072 3420 Quen
1089 3365 1186 3414 instare
1203 3373 1322 3414 catenen
1339 3382 1392 3416 cer·

241 3450 344 3512 ingenio
360 3449 486 3511 cuiusque.
505 3448 555 3497 Hic
570 3449 657 3510 altius,
674 3451 717 3500 ills
733 3453 792 3502 sub·
833 3454 916 3506 umet,
933 3445 995 3496 nibil
1009 3461 1115 3510 unquam
1131 3445 1196 3496 satis
1214 3445 1392 3512 dictampnus·

240 3531 354 3597 missiae,
371 3529 434 3577 alter
449 3527 567 3578 incertius
582 3530 721 3592 clamabat,
747 3547 789 3584 ne
833 3527 994 3590 monitumque
1009 3526 1045 3576 ad
1059 3526 1219 3576 miserandos
1238 3527 1330 3578 milites
1347 3543 1391 3576 ra·

241 3623 291 3673 que
303 3621 390 3657 omnes
406 3623 457 3656 uua
471 3609 606 3672 eademque
622 3611 722 3674 lingua,
738 3629 790 3678 quo
835 3617 882 3658 tus.
899 3607 992 3658 XXV.
1010 3613 1051 3658 38.
1067 3605 1237 3672 Albquandos
1254 3607 1391 3658 adhortan-

240 3689 295 3752 ipso
311 3687 470 3736 vehementia
486 3687 536 3736 iam
549 3689 714 3741 minuebatur.
738 3695 789 3743 Vo-
834 3688 925 3753 desque
938 3689 986 3738 sibi
1001 3687 1090 3738 milites
1105 3697 1185 3738 ratus.
1204 3688 1344 3738 XXXIII·
1359 3695 1385 3743 3,

241 3783 282 3819 aes
307 3783 359 3818 non
383 3768 561 3830 congruebant.
595 3769 653 3819 Liv.
678 3772 726 3822 IV.
746 3777 788 3823 st.
833 3767 1008 3820 Adhortandos
1023 3769 1112 3820 milites
1127 3778 1207 3819 ratus.

239 3848 328 3900 Primo
346 3847 461 3914 proelio,
476 3847 543 3912 quod
559 3849 591 3898 ab
606 3847 789 3916 Semproniam
868 3849 912 3900 Ea
937 3866 983 3914 quo
999 3850 1089 3900 uirtute
1106 3859 1130 3901 et
1146 3850 1269 3916 auspiciis
1286 3851 1390 3916 imperii

241 3939 312 3981 caute
328 3928 507 3994 inconsulteque
519 3930 725 3995 commissumest‚
743 3949 789 3984 nan
832 3929 955 3992 Romani,
966 3930 1023 3994 fide
1040 3940 1115 3995 atque
1133 3947 1211 3996 opera
1229 3940 1322 3982 uestra.
1341 3933 1388 3982 Li·

239 4008 356 4061 subsidiis
365 4009 473 4072 firmata
487 4011 556 4071 acie,
572 4028 619 4061 nou
634 4013 716 4076 equita
731 4023 789 4080 apte
833 4013 893 4062 bera
920 4012 1047 4076 republica
1070 4013 1137 4062 bella
1162 4014 1313 4075 gerebantur
1339 4029 1383 4064 eu·

239 4092 337 4152 iocata,
361 4106 503 4141 concursum
525 4100 570 4143 est.
605 4089 703 4144 Clamor
727 4093 808 4145 indi·¹
833 4094 915 4158 spiaiis
938 4093 1025 4158 populi
1041 4092 1158 4142 Romani.
1176 4095 1290 4156 Populus
1306 4095 1391 4144 dabat

241 4173 304 4222 aium
315 4171 423 4238 primum
434 4173 508 4235 suit,
525 4190 625 4238 quares
639 4173 808 4226 inclinatura¹
833 4173 943 4238 saepiam
966 4175 1085 4224 ducibus:
1111 4175 1138 4223 in
1158 4175 1299 4238 principatu
1316 4176 1386 4226 bella

240 4262 310 4303 esset.
345 4251 488 4304 Excitatier
505 4257 660 4325 crebriorque
674 4259 705 4306 ab
721 4259 789 4308 leste
833 4257 982 4318 gerebantur
997 4256 1113 4319 auspiciis
1121 4257 1390 4320 Imperatorum‚qni‚

239 4333 362 4395 sautans,
376 4337 407 4384 ab
420 4333 539 4386 Romanis
554 4337 678 4398 dissonus,
692 4339 786 4404 impar,
833 4343 861 4384 ut
882 4337 934 4386 iarn
950 4337 1070 4387 Horatius
1087 4338 1161 4396 dicit,
1177 4338 1330 4400 praebebant
1347 4353 1390 4388 eo-

241 4415 333 4479 seqnis,
360 4431 434 4479 saepe
457 4418 563 4468 iteratus
580 4419 684 4481 [incerto
702 4420 787 4470 11111111·
833 4418 1247 4482 pias,eonsitia‚etdivos.1nu
1264 4418 1391 4471 neusin-
