3134 5310
218 523 259 584 56

645 537 800 588 conatur
824 539 935 586 rtem

218 703 356 792 petebat.
405 702 467 770 Sed
505 726 591 770 mare
627 707 753 796 pigrum
789 719 820 771 et
855 728 947 793 grave
977 700 1227 791 remigantibus3
1255 705 1373 793 perhi-

219 809 296 873 bent
332 831 372 874 ne
407 810 507 874 ventis
544 812 672 898 quidem
706 809 840 900 proinde
864 809 986 886 attolli;
1014 807 1127 886 credo,
1153 807 1238 895 quod
1262 810 1373 873 rario-

219 937 267 978 res
291 925 393 978 terraa
416 926 613 1003 montesque,
639 937 747 979 caussa
769 937 805 980 ac
829 915 959 979 materia
979 924 1226 1000 tempestatum,
1247 926 1278 978 ct
1291 935 1370 1003 pro·

218 1018 317 1082 funda
359 1018 456 1084 moles
497 1020 637 1084 continui
681 1020 774 1082 maris

809 1018 928 1083 tardius
964 1017 1148 1106 impellitur.
1205 1018 1367 1084 Naturam

219 1121 340 1189 Oceani
366 1131 460 1211 atque
485 1137 587 1190 aestus
609 1147 713 1211 neque
735 1142 886 1211 quaerere
909 1123 1003 1188 huius
1020 1122 1124 1210 operis
1136 1134 1255 1200 est,ac
1266 1123 1369 1188 multi

216 1370 340 1420 Eusebius
365 1377 390 1418 et
407 1371 554 1433 Eutropius,
571 1384 633 1434 quos
652 1369 766 1420 Oudend.

216 1452 249 1498 ad
267 1449 370 1500 Sueten.
381 1450 469 1500 Claud.
482 1455 520 1500 17.
537 1450 667 1513 Verheyk.
677 1451 709 1498 ad
721 1451 738 1501 1.
748 1451 765 1499 l.

217 1531 344 1593 Eutropii,
370 1538 395 1579 et
419 1531 509 1580 deinde
533 1531 576 1580 alii
593 1532 681 1580 erroris
698 1546 766 1580 accu-

217 1618 286 1669 sant,
311 1613 424 1661 excusari
449 1625 520 1675 posse
548 1612 660 1661 arbitror.
696 1611 766 1662 Cete-

216 1707 273 1740 rum
296 1707 384 1755 parum
401 1694 481 1751 abest,
498 1692 559 1757 quin
577 1693 693 1742 Tacitum
709 1694 765 1742 scri·

217 1773 295 1836 psisse
315 1779 413 1836 putem:
439 1788 469 1820 ac
491 1771 564 1822 simui
579 1773 716 1838 inaequitas
732 1773 768 1822 od

217 1854 246 1903 id
268 1862 361 1918 tempus
384 1853 495 1904 Orcadas
512 1854 603 1903 invenit
619 1854 764 1918 domuitque.

219 1935 347 1986 Glossator
371 1935 482 1984 &cadas
499 1937 687 1999 interpretatur:
701 1935 764 1984 insu·

219 2016 257 2066 ias
274 2033 337 2080 quas
360 2015 472 2065 Orcadas
488 2025 582 2065 vocant.
600 2017 700 2066 Nomen
719 2015 764 2066 Or·

218 2100 307 2148 cadum
328 2099 461 2148 lectoribus
479 2098 562 2146 Taciti
578 2099 637 2146 satis
654 2103 706 2147 erat
722 2111 765 2145 no·

218 2185 284 2236 tm,
304 2180 348 2227 sed
364 2179 432 2240 ipsae
448 2177 599 2241 incoquitae,
616 2178 675 2240 quia
691 2191 765 2226 nemo

218 2273 296 2308 anam
311 2259 486 2320 perlustratam
497 2259 670 2320 descripserat.
697 2254 765 2304 Inco-

217 2335 309 2402 qnt'tum
325 2338 408 2386 minus
426 2344 463 2386 est
475 2352 551 2400 quam
564 2335 708 2385 inauditum.
726 2337 764 2386 De

218 2431 323 2468 numero
339 2418 478 2466 insulanam
495 2433 546 2466 uon
563 2419 699 2467 constabat.
724 2415 766 2465 Or·

218 2497 292 2548 cades
308 2499 431 2548 incertum
447 2499 596 2562 significant.

254 2578 322 2633 Quia
338 2579 454 2627 hactenus
470 2577 574 2640 iussum,
593 2588 617 2628 et
634 2579 708 2628 tiens
722 2595 765 2643 ap-

216 2660 325 2724 petebat.
358 2657 401 2707 Sic
415 2645 511 2721 ‘legitur
526 2662 553 2709 in
571 2661 654 2710 Vatic.
686 2661 765 2710 Inter-

218 2745 359 2802 pretantnr:
377 2738 495 2802 Dispecta
509 2741 611 2804 quidam
628 2747 665 2790 est
674 2742 765 2804 Thyle,

218 2833 299 2883 neque
329 2825 413 2868 umen
435 2821 515 2880 adita,
541 2823 600 2886 quia
624 2838 676 2871 non
700 2823 766 2871 ultra

218 2901 333 2964 progredi
357 2901 452 2950 iussum
478 2909 537 2951 erat.
557 2903 647 2953 Altera
663 2918 765 2963 caussa,
798 2955 800 2960 ,

218 2997 262 3031 cur
288 2982 371 3046 Thyle
395 2985 568 3032 tantummodo
589 2985 698 3048 dispecta
713 2984 765 3034 iue-

217 3064 263 3122 rit,
289 3069 326 3113 a'st
350 3063 443 3124 hiems,
469 3069 532 3130 q‘uae
549 3068 689 3129 appetebat,
707 3066 724 3114 i.
742 3079 764 3114 e.

218 3143 339 3202 instabat,
357 3145 576 3209 appropinquabat.
594 3147 641 3194 Est
654 3146 764 3210 aliquid,

217 3224 285 3285 quod
310 3223 373 3270 mihi
395 3225 436 3272 vel
452 3225 478 3272 iu
496 3231 549 3272 tam
565 3225 631 3273 facili
647 3227 765 3290 interpre-

218 3303 286 3351 tione
302 3309 421 3352 moratur.
441 3304 562 3366 Agricola
578 3306 681 3355 iusserat
697 3321 765 3369 prae·

219 3383 311 3433 fectum
326 3384 399 3433 classi
415 3400 467 3434 non
483 3385 584 3448 propius
602 3388 717 3435 accedere
733 3388 765 3436 ad

219 3465 332 3529 Thylen,
367 3481 442 3530 quam
468 3465 561 3531 dispici
584 3474 680 3530 posset;
706 3469 764 3516 satis

217 3561 275 3596 eum
291 3547 426 3606 facturum,
443 3548 465 3596 si
481 3547 644 3612 dispexisset,
663 3563 696 3598 ex
711 3549 764 3598 lon·

217 3627 311 3689 ginquo
331 3628 439 3685 videret,
456 3629 491 3676 ita
507 3635 591 3678 tamen
607 3636 635 3678 ut
652 3638 765 3682 accurate
791 3627 792 3630 ’

217 3706 330 3768 dignosci
353 3713 443 3768 posset.
485 3707 590 3758 Veteres
615 3726 667 3759 non
692 3713 764 3762 habe-

217 3788 277 3836 bant
293 3787 378 3845 tubos,
394 3788 459 3836 vitro
475 3789 554 3852 potita
561 3790 685 3852 utrimque
698 3792 763 3840 clau·

217 3882 270 3928 sos,
295 3868 385 3932 quibus
407 3869 472 3918 oculi
489 3869 580 3918 muniti
596 3870 652 3918 loca
667 3879 763 3921 remota

215 3949 371 4014 dispicerent.
407 3951 490 4014 Igitur
519 3951 577 4000 solis
610 3953 687 4001 oculis
711 3960 762 4002 ute-

216 4032 314 4081 bantur.
349 4031 406 4080 Iam
421 4037 512 4080 nautae
528 4033 762 4097 eosbabebantqui·

215 4113 273 4160 dem
293 4113 371 4175 longo
387 4127 434 4160 usu
451 4112 599 4161 exercitatos
615 4119 640 4162 at
655 4117 761 4176 peritos,

215 4205 295 4257 eoque
319 4194 453 4243 cernebant
480 4194 587 4253 acutius,
612 4209 688 4259 quam
705 4197 761 4256 alii;

216 4274 237 4320 si
258 4279 341 4323 tamen
363 4273 500 4338 praefectus
521 4275 594 4324 classi
610 4281 662 4325 tam
686 4292 762 4342 prope

216 4353 249 4400 ad
280 4353 381 4416 Thern
406 4356 559 4417 accessisset,
586 4364 614 4406 ut
639 4357 762 4423 dispicere

216 4439 309 4495 posset,
335 4435 380 4484 vix
406 4438 490 4488 aberat
506 4439 625 4502 spatium,
642 4441 709 4502 quod
726 4440 762 4488 in·

814 1377 853 1418 tra
876 1373 991 1433 quartam
1011 1367 1088 1417 horae
1112 1369 1209 1432 partem
1225 1367 1368 1439 absolvera-

812 1457 860 1500 tur.
895 1450 964 1498 Nam
981 1449 1007 1498 in
1024 1449 1071 1498 isto
1088 1452 1164 1509 mari,
1181 1455 1207 1499 et
1223 1449 1305 1500 hieme
1320 1463 1366 1513 ap·

811 1538 923 1595 petente,
945 1531 1036 1592 longus
1051 1538 1194 1594 prospectus
1210 1532 1365 1594 impedieba-

811 1618 859 1660 tur.
879 1612 972 1660 Poiitae
993 1617 1083 1659 vocant
1098 1610 1165 1659 uada
1181 1611 1319 1675 caiiqantia
1335 1619 1366 1662 et

811 1692 906 1755 niqram
927 1689 1027 1756 Thylen.
1048 1692 1168 1754 Agricola
1176 1692 1284 1741 iusserat
1291 1685 1364 1756 prae-

811 1774 903 1822 fecum
931 1789 983 1822 nan
1012 1774 1079 1821 ulus
1102 1775 1230 1838 progredi:
1255 1774 1365 1822 iusserat

810 1854 886 1917 igitur
911 1862 935 1903 et
956 1853 1091 1918 propredi,
1116 1856 1197 1917 quoad
1215 1853 1363 1918 dispiceret.

812 1935 881 1996 Quid
903 1936 923 1983 si
940 1949 991 1983 uon
1008 1934 1109 1997 posset?
1126 1935 1198 1984 Iussa
1213 1941 1299 1984 tamen
1316 1933 1363 1984 ex·

811 2017 880 2079 sequi
905 2017 1017 2065 debebat.
1054 2014 1105 2064 Sed
1129 2016 1190 2064 talia
1214 2031 1266 2064 non
1283 2016 1362 2078 impa-

810 2104 909 2157 rantur,
926 2097 976 2146 uisi
992 2111 1050 2144 cum
1067 2097 1226 2159 exceptione,
1236 2096 1260 2145 si
1268 2095 1364 2144 eoelum

812 2186 836 2226 ct
856 2178 922 2226 venti
942 2177 1097 2241 permittant.
1131 2175 1268 2238 Agricola,
1284 2182 1363 2239 puto,

811 2259 842 2306 de
865 2258 948 2320 Thyle
964 2256 1028 2305 nihil
1044 2257 1123 2304 iussit.
1159 2255 1187 2306 Si
1203 2255 1296 2321 dispici
1311 2256 1364 2306 ius-

812 2338 895 2396 sisset,
919 2337 1030 2385 iussisset
1046 2337 1134 2386 saltem
1151 2337 1221 2386 adiri.
1257 2336 1364 2398 Quanta

811 2419 903 2480 gloria,
921 2419 962 2466 vel
979 2418 1026 2480 ipsi
1043 2418 1202 2477 Domitiano,
1219 2418 1241 2466 si
1249 2417 1364 2467 Romani

811 2501 913 2548 tandem
928 2500 1017 2561 pedam
1033 2499 1175 2548 intulissent
1190 2499 1217 2546 in
1234 2499 1360 2558 insulam,

811 2595 861 2644 quo
885 2593 959 2628 nemo
984 2580 1020 2628 ita
1044 2580 1170 2628 intulerat.
1195 2580 1252 2630 Hoc
1277 2587 1360 2629 esset:

812 2662 856 2710 tibi
880 2661 974 2710 serviat
998 2659 1084 2708 ultima
1109 2657 1198 2724 Thyia,
1215 2661 1282 2722 quod
1299 2659 1362 2708 Vir·

811 2743 885 2804 gilius
903 2741 1019 2804 Augusto
1041 2741 1132 2789 besua
1147 2746 1280 2804 optaverat.
1316 2739 1362 2790 Ne

810 2824 842 2871 da
860 2819 996 2872 Orcadibus
1012 2823 1114 2886 quidem
1129 2822 1229 2870 iussisse
1244 2821 1360 2880 videtur,

810 2904 869 2967 quia
892 2903 998 2966 legimus
1015 2919 1045 2952 oc
1062 2902 1133 2952 simui
1149 2902 1241 2950 inuenit
1256 2899 1360 2950 domuit-

812 3000 870 3047 qne,
893 2985 910 3033 i.
928 2998 950 3032 a.
967 2991 1039 3048 puto,
1057 2985 1118 3033 dum
1135 2971 1295 3032 Britanniam
1311 2981 1360 3032 cir·

810 3065 1014 3124 cumvehebatur,
1031 3065 1120 3113 eodem
1135 3071 1246 3127 tempora
1261 3063 1362 3111 invenit

810 3153 835 3195 et
859 3147 966 3204 domuit,
991 3159 1142 3210 quamquam
1163 3161 1215 3194 non
1232 3147 1297 3192 essct
1311 3143 1367 3208 im,

809 3232 934 3289 paratum,
960 3225 1082 3288 dataeque
1105 3231 1204 3274 tantum
1232 3224 1299 3272 uires
1324 3222 1362 3271 ad

809 3303 971 3354 Britanniam
1004 3305 1231 3354 cirmnoetmaam.
1266 3303 1361 3352 Altera

810 3386 939 3434 difficultas
956 3393 993 3436 est
1009 3388 1036 3436 in
1049 3385 1271 3451 iiemsappetebat.
1295 3383 1360 3434 Siue

810 3468 886 3516 dubio
917 3474 983 3517 recte
1016 3469 1208 3531 interpretantur
1232 3464 1359 3522 instabat,

810 3548 1036 3613 appropinquabat.
1071 3547 1123 3597 Sed
1138 3547 1219 3596 hiems
1235 3546 1286 3594 iam
1295 3551 1359 3594 mat

812 3629 913 3678 Tacitus
938 3636 1022 3678 narrat
1046 3644 1099 3692 cap.
1125 3633 1165 3677 38.
1198 3624 1247 3676 Uti
1267 3633 1361 3673 exacta

810 3709 859 3758 iam
884 3717 979 3757 aestate
1004 3711 1092 3774 sparqi
1116 3707 1202 3758 beilum
1224 3704 1358 3768 nequibat,

810 3790 836 3838 in
847 3790 914 3851 fines
930 3787 1092 3839 Borestorum
1108 3789 1239 3838 exercitum
1247 3784 1358 3836 deducit.

810 3868 851 3918 Ibi
867 3871 977 3934 acceptis
992 3869 1127 3929 obsidibus,
1142 3869 1276 3934 praefecto
1293 3865 1359 3914 clas·

809 3951 844 4000 sis
869 3949 1013 4008 circumvehi
1035 3948 1197 4000 Britanniam
1216 3945 1358 4012 praecepit.

809 4029 896 4080 Datae
921 4030 956 4080 ad
978 4030 1007 4080 id
1024 4031 1098 4080 vires.
1132 4032 1164 4080 Iu
1181 4029 1233 4078 vita
1250 4028 1358 4090 Agrico-

808 4114 847 4162 lae
872 4121 956 4161 aestas
981 4113 1034 4161 sola
1058 4103 1257 4175 expeditionibus
1273 4109 1357 4156 datur.

810 4193 839 4244 Si
856 4199 880 4242 et
897 4193 1119 4257 biems,tamquam
1128 4192 1254 4254 singulare
1261 4202 1357 4237 memo·

808 4281 847 4324 rat
863 4281 962 4324 auctor:
980 4276 1015 4324 ita
1032 4287 1084 4336 cap.
1105 4279 1143 4323 18.
1165 4270 1227 4320 Tum
1234 4266 1359 4334 Aqricoia

810 4370 954 4419 quamquam
971 4349 1360 4411 transvectaaestas,ireobuiam

810 4435 945 4484 discrimini
970 4436 1066 4485 statuit.
1093 4441 1133 4486 22.
1151 4435 1245 4484 Hostes
1260 4439 1360 4480 aestate
