3114 5306
241 525 285 596 92

676 544 829 593 cantatu
853 540 966 592 ticin

245 713 352 780 omnia
385 714 537 802 exseqni3
574 712 677 802 parvis
695 714 844 801 peccatis
869 715 1013 788 neniam,
1041 715 1165 802 magnis
1188 719 1385 787 ostentatam

245 816 465 895 commodare,
491 839 550 884 noc
573 839 675 906 poena
699 839 844 906 semper,
871 817 925 882 sed
949 819 1072 906 saepius
1095 821 1289 908 poenitentia
1307 847 1387 890 eou-

243 934 351 988 tentus
385 945 473 1001 esse;
506 923 617 988 officiis
652 935 684 988 et
708 920 1031 988 administrationibus
1054 925 1159 1012 potins
1183 947 1247 991 non
1272 951 1387 1017 pecca-

245 1041 332 1094 turos
365 1049 579 1118 praeponere,
616 1050 711 1116 quam
747 1025 916 1104 damnare,
950 1050 1048 1115 quum
1070 1044 1262 1117 peccassent.
1309 1034 1387 1100 Fru-

244 1133 345 1199 menti
378 1145 411 1198 et
443 1132 637 1198 tributorum
672 1133 868 1198 exactionem
901 1133 1092 1221 aequalitate
1115 1157 1283 1203 munerum
1308 1137 1390 1202 mol·

243 1381 373 1445 queaatnr.
391 1383 426 1432 Et
441 1387 527 1436 tamen
540 1393 628 1430 omnes
644 1386 747 1440 norant,
756 1386 791 1430 ta·

243 1463 296 1512 lem
319 1477 372 1512 non
396 1462 474 1512 lbisse
498 1460 657 1524 linteolum,
678 1473 792 1525 nequeo

245 1543 335 1594 Tacito
356 1543 476 1602 describi,
493 1557 556 1592 mox
571 1546 702 1590 amante:
720 1553 791 1601 enm,

243 1631 273 1674 ut
294 1637 394 1674 comem
408 1623 493 1681 bonis,
510 1624 628 1690 adversus
643 1622 723 1672 malos
739 1621 792 1685 qui-

243 1706 302 1756 tiem
326 1705 491 1754 iniucundum
514 1703 606 1762 fuisse,
631 1703 673 1752 aad
696 1716 729 1752 ex
745 1703 792 1750 ira·

241 1785 335 1836 candia
349 1785 415 1834 nihil
431 1783 597 1848 superfuisse,
614 1782 791 1846 honestiusque

242 1872 342 1930 putasse
357 1865 496 1924 offendere,
513 1879 589 1929 qnam
605 1865 695 1913 odisse„
704 1865 792 1914 Poena

243 1954 368 1998 contentus
393 1963 440 1994 non
464 1953 501 1994 est
525 1945 710 1994 crudelissimus
726 1947 791 2010 quis·

243 2043 305 2094 que,
330 2029 375 2093 qui
390 2029 432 2078 vel
448 2031 578 2090 propterea
593 2041 701 2089 poenam
717 2027 791 2076 inter·

242 2111 305 2160 dnm
320 2109 416 2168 differt,
432 2109 530 2157 lantum
543 2108 691 2170 supplicium
708 2109 791 2168 sumit,

243 2192 312 2240 uude
328 2191 390 2239 illud
409 2189 505 2238 'liberii
524 2189 658 2237 anensium
674 2189 791 2238 tecumin

244 2272 351 2336 gratim
366 2268 457 2320 redii.''
475 2267 572 2317 Seneca
579 2269 655 2317 Here.
666 2268 723 2320 Oet.
733 2274 790 2319 295.

250 2351 271 2402 0
287 2352 356 2402 nulla
370 2350 440 2400 dolor
461 2348 573 2398 Contenta
586 2365 684 2412 poento,
700 2365 792 2413 quaere

186 2423 192 2438 ⁹
242 2433 370 2499 supplicia
385 2429 498 2491 barrida,
516 2427 791 2495 Incoqitato,insanda.

244 2514 397 2564 Ammianus
405 2513 521 2562 Marcell.
530 2511 624 2560 XXX.
633 2527 657 2574 p.
666 2515 725 2562 460.
734 2510 791 2560 Nec

242 2593 304 2644 emm
319 2609 422 2656 usquam
438 2590 563 2656 repetitur
579 2591 634 2641 miti
647 2591 792 2642 coercitione

243 2683 380 2734 contentus,
413 2672 458 2722 sed
481 2672 613 2734 aliquoties
638 2673 792 2736 quaestiones

241 2753 405 2821 multiplicari
412 2752 512 2804 iussisse
520 2761 643 2802 maeatas.
652 2753 705 2804 Sed
709 2771 792 2819 poena

241 2841 374 2888 contentus
399 2841 437 2884 est
460 2835 502 2884 vel
518 2835 701 2895 severissimus,
718 2849 791 2899 saepe

240 2931 332 2982 parva,
346 2915 419 2966 sicuti
434 2915 478 2966 illa
494 2917 564 2978 apud*
576 2916 707 2965 Ammisn.
724 2917 791 2966 Mar·

239 3000 296 3050 oeli.
315 2998 424 3048 XXIX.
440 3013 465 3062 p.
483 3003 541 3048 430.
565 2995 600 3047 Ut
617 3005 751 3046 contentum
765 3012 791 3046 se

241 3078 366 3144 supplicio
400 3077 488 3128 leuiori
520 3087 681 3138 monstraret,
712 3095 791 3127 manes

241 3159 361 3208 contrusit
384 3159 411 3208 in
435 3159 543 3220 infimum
559 3159 664 3208 militiae
678 3158 790 3224 qratiam.

241 3239 373 3290 Interdum
397 3239 438 3289 vel
454 3241 624 3290 severissimus
640 3240 694 3288 soie
707 3241 791 3302 poeni-

241 3321 321 3372 tentia
337 3325 469 3370 eontentus
485 3325 535 3380 est,
549 3325 578 3368 ut
595 3319 724 3382 Agricola.
743 3321 790 3370 Le·

242 3404 353 3468 gendum
369 3409 441 3466 puto:
455 3399 545 3466 paruis
557 3399 672 3466 peccatis
683 3401 789 3462 ueniam,

241 3485 337 3550 maqnis
368 3483 521 3533 seueritatem
553 3480 717 3542 commodare,
748 3499 790 3532 neo

239 3580 343 3630 poenam
367 3579 476 3628 semper,
492 3561 536 3612 sed
551 3562 652 3627 saepius
665 3561 789 3628 poeniten·

243 3645 281 3694 tia
303 3651 427 3693 contentus
451 3659 510 3691 esse.
545 3642 656 3699 Severus
670 3645 789 3694 adversus

240 3725 333 3786 mdes,
351 3739 403 3774 uon
419 3730 504 3773 tamea
513 3737 609 3787 semper
616 3723 696 3771 malos
704 3724 788 3785 punie-

241 3809 298 3868 bet,
316 3808 359 3856 sed
376 3806 472 3870 saepius
489 3804 548 3852 satis
561 3804 681 3862 habebat,
699 3803 722 3852 si
737 3817 787 3863 eos,

241 3890 324 3940 verbis
340 3901 426 3938 severe
442 3886 587 3948 castigatos,
596 3884 787 3947 commissipoe·

239 3973 338 4021 niteret.
365 3969 473 4020 stins
498 3967 675 4029 intepretatur
700 3965 787 4014 senui·

241 4060 315 4102 tatem
329 4051 486 4100 commodare
503 4061 596 4111 mena,
615 4047 631 4096 i.
650 4061 671 4096 a
684 4048 787 4110 punien-

239 4135 280 4184 do.
298 4133 336 4183 Ut
349 4147 431 4198 poena
448 4129 569 4180 ablativus
586 4129 704 4178 eosussit.
719 4129 787 4178 Krta

238 4214 307 4266 aiut:
329 4211 435 4264 »Poena
451 4217 488 4262 est
504 4212 626 4262 ablativus
639 4210 786 4261 instrumen-

238 4297 308 4355 talis,
325 4295 374 4346 nisi
394 4299 502 4358 praestat
517 4307 561 4356 par
578 4307 683 4356 neugma
699 4306 733 4342 ex
749 4308 785 4357 sq.

239 4378 315 4428 umbo
340 4367 489 4425 senientiam
511 4375 545 4422 sic
561 4374 722 4424 constituere:
741 4388 786 4424 nec

238 4455 347 4524 (tamen)
371 4468 478 4520 poenam
495 4467 591 4518 semper
607 4453 735 4517 exigera''

869 1377 998 1428 Frumenti
1020 1388 1045 1428 et
1070 1380 1214 1432 causamn
1238 1387 1389 1436 exactionem

835 1458 988 1522 aequalitate
1012 1475 1135 1510 munerum
1155 1462 1259 1516 mollire.
1277 1465 1388 1518 Munera

837 1546 895 1588 sunt
912 1540 1033 1602 biplicia,
1050 1543 1100 1592 alia
1115 1547 1269 1607 personalia,
1287 1549 1337 1598 aliu
1345 1563 1386 1612 pa·

836 1621 1026 1682 trimoniomm,
1051 1623 1101 1672 alia
1121 1625 1216 1685 mixte,
1233 1634 1262 1676 ut
1278 1630 1388 1680 exlusa

837 1702 956 1751 consultis
976 1703 1050 1750 docet
1065 1703 1162 1766 Rykius
1180 1709 1212 1756 ad
1230 1709 1314 1759 Taciti
1331 1709 1385 1760 An·

837 1784 888 1831 nal.
915 1781 980 1832 XII.
1007 1787 1048 1832 58.
1080 1781 1117 1832 Ut
1141 1781 1247 1836 Ilienses
1262 1790 1327 1838 omni
1338 1806 1387 1854 pu·

837 1862 898 1912 blico
915 1879 1011 1912 anunm
1035 1863 1195 1916 soloaantur.
1221 1867 1275 1917 Ubi
1292 1869 1388 1920 amiam

837 1943 916 2006 Rykii
948 1944 1040 1994 baana
1069 1946 1179 1996 malebat
1203 1949 1268 1998 aneni
1286 1950 1386 2014 publico

837 2040 917 2074 onae.
934 2025 977 2074 Sic
992 2034 1093 2074 muana
1106 2029 1387 2090 compleemntmomna

837 2120 916 2169 genus
942 2106 1094 2156 tributorum.
1129 2107 1182 2158 Sed
1205 2125 1265 2160 cum
1287 2110 1387 2160 tributis

837 2189 981 2247 coniuncta,
1016 2189 1084 2238 aliud
1117 2189 1258 2252 significare
1286 2193 1386 2244 dabant.

839 2267 907 2329 Quid
915 2269 1113 2320 debeuntinhoe
1121 2270 1216 2331 libello,
1225 2273 1341 2334 exempla
1348 2287 1386 2322 os·

836 2349 951 2397 tendunt.
960 2363 1013 2412 cap.
1027 2353 1064 2398 13.
1079 2347 1137 2415 Ipsi
1141 2347 1265 2400 Britanni
1269 2351 1386 2402 &batum

837 2444 868 2476 aa
893 2427 986 2478 tributa
1008 2437 1031 2478 et
1047 2430 1158 2480 iniuncta
1175 2431 1273 2496 imperii
1288 2449 1388 2482 namra

837 2509 941 2574 impiqre
957 2511 1055 2570 obeunt,
1072 2511 1096 2560 ai
1112 2511 1220 2562 iniuriae
1234 2513 1322 2563 absint.
1332 2529 1386 2578 cap.

838 2595 879 2639 31.
895 2589 971 2640 Bona
980 2593 1154 2656 fortunaeque
1170 2593 1196 2641 in
1213 2594 1387 2660 tributumq-

835 2679 939 2734 qeratur
955 2688 1034 2722 annus
1051 2673 1077 2722 ia
1087 2676 1248 2739 frumentum.
1267 2675 1336 2737 Ergo
1344 2677 1387 2725 tri·

836 2752 897 2800 buta
921 2759 946 2802 et
962 2768 1067 2804 munera
1082 2769 1134 2804 non
1151 2761 1209 2804 sant
1225 2756 1326 2815 eadem
1343 2769 1387 2806 ne.

836 2847 885 2896 qne
900 2833 968 2882 idem
978 2837 1132 2900 frumentum
1148 2841 1173 2884 at
1190 2835 1312 2885 tributum.
1342 2835 1388 2886 Ad

836 2927 893 2962 eam
907 2916 1033 2966 rationem
1048 2916 1090 2966 hic
1106 2917 1316 2980 benelegaratur:
1330 2913 1387 2966 Tri·

837 2996 947 3045 buterum
962 3005 986 3044 et
1001 3013 1124 3047 munaum
1139 2997 1288 3046 exactionem
1302 2997 1386 3061 aequi·

838 3084 889 3125 tate
919 3075 1021 3127 mollire.
1065 3077 1155 3128 Glosaa
1179 3079 1243 3129 illud
1261 3077 1388 3144 frumenti

836 3158 961 3221 peperisse
985 3160 1091 3210 videtur.
1114 3157 1252 3224 Aequitate
1267 3161 1319 3209 iam
1334 3174 1386 3208 oar-

836 3245 956 3289 rexerunt
981 3241 1096 3290 Muretus
1120 3247 1146 3292 et
1172 3241 1310 3290 Acidaliae.
1336 3240 1386 3290 Ra

836 3319 919 3379 mani,
936 3325 1011 3383 pato,
1028 3335 1080 3370 non
1097 3321 1232 3384 exigebant
1248 3335 1263 3370 a
1278 3321 1387 3384 singuh's

835 3398 993 3461 hominibus,
1010 3402 1054 3452 sad
1070 3416 1086 3450 a
1101 3402 1161 3450 totis
1177 3401 1387 3462 aintetibus‚vel

834 3481 896 3530 vicis
922 3487 947 3531 et
970 3483 1049 3546 pagis.
1076 3483 1108 3530 In
1129 3482 1217 3531 rotali
1234 3497 1286 3531 non
1302 3483 1387 3546 agium

834 3564 866 3612 de
891 3563 989 3626 aequali
1013 3563 1137 3614 divisione
1162 3576 1295 3612 muneram
1319 3563 1386 3614 inter

834 3644 941 3703 manias,
963 3645 1007 3693 sed
1022 3644 1163 3708 aequitate,
1179 3658 1212 3694 ne
1228 3645 1284 3708 plus
1300 3645 1384 3707 exige·

833 3731 914 3785 netur,
930 3740 1006 3789 quam
1021 3726 1135 3775 conferre
1147 3731 1256 3790 possent.
1274 3725 1311 3775 Ut
1318 3726 1384 3790 quis

833 3820 881 3870 qne
898 3821 943 3868 pro
960 3820 1004 3866 eo,
1021 3807 1089 3870 quod
1106 3806 1227 3866 habebut,
1245 3806 1382 3867 conferret,

832 3885 881 3938 hoe
901 3887 1084 3956 constituebant
1101 3887 1221 3937 Britanni
1236 3887 1298 3938 loeis
1313 3899 1384 3950 prae·

833 3968 913 4032 positi.

868 4047 938 4104 Quae
955 4048 980 4097 in
997 4057 1124 4112 quaestum
1140 4058 1256 4115 reperta,
1274 4047 1381 4115 ipsatri·

832 4131 888 4179 liuto
912 4129 1014 4195 qruaius
1039 4130 1218 4180 tolerabantur.
1244 4130 1273 4181 Si
1297 4131 1381 4180 disari-

831 4225 890 4260 men
907 4211 973 4260 inter
990 4212 1106 4261 tributum
1122 4219 1147 4261 et
1164 4228 1248 4261 munus
1263 4213 1313 4262 talo
1329 4218 1382 4273 est,

831 4292 905 4355 quale
927 4294 1003 4342 modo
1020 4293 1081 4352 ieci,
1098 4299 1172 4358 atque
1188 4295 1256 4345 idem
1272 4294 1384 4345 fecerunt

832 4372 940 4424 Wexius
961 4380 986 4424 et
1003 4374 1129 4434 Kritaiua
1146 4375 1188 4424 hic
1203 4376 1254 4439 legi
1271 4391 1322 4424 non
1339 4391 1383 4439 po·

831 4459 879 4506 test
895 4454 950 4520 ipso
968 4452 1152 4509 tributalium
1170 4456 1271 4509 Tacitus
1280 4457 1383 4521 probat,
