3130 5308
663 553 838 602 10110011.
1256 539 1320 604 tte

166 724 234 794 Sed
271 724 359 790 nulle
391 724 455 787 iam
481 721 563 786 ultra
586 743 683 810 gens,
709 718 789 784 nihil
819 719 880 784 nisi
904 719 1022 785 lluctus
1045 730 1076 784 et
1100 740 1192 800 saxa,
1217 733 1249 788 et
1271 723 1319 788 in·

168 831 316 897 festiores
352 828 509 906 Romani,
545 849 681 916 qnorum
715 824 862 913 snperbia
896 824 1011 892 frustra
1045 847 1102 914 pet
1133 825 1321 916 obsequium

168 957 208 1002 ee
251 931 437 1002 modestiam
476 932 634 1022 effugeris.
672 933 826 1019 Raptores
860 929 964 1008 orbis,
999 943 1169 1020 postquam
1204 945 1322 1000 cuneta

170 1179 218 1230 sed
241 1184 370 1242 propterea
392 1189 408 1224 a
430 1171 520 1222 Tacito
536 1184 587 1220 non
605 1171 723 1221 alienum.
769 1173 907 1237 rumqueiu
916 1171 996 1223 11101110
1004 1172 1323 1226 1111101101οω100111110111-

172 1261 288 1323 Propert.
306 1259 329 1307 Ι.
348 1271 398 1306 xx.
419 1260 457 1304 ll.
474 1253 543 1302 hunc
551 1250 724 1318 Nympharum
769 1254 918 1304 vadentibus
933 1259 1046 1316 augetur.
1063 1253 1174 1304 Utamur
1186 1257 1263 1319 igitur
1274 1257 1324 1308 hoa

171 1338 272 1406 cupidis
287 1353 383 1403 semper
396 1333 503 1399 defende
511 1333 617 1399 rupinis.
627 1334 659 1383 P.
670 1332 725 1383 Ste·
770 1335 919 1399 magnifico,
936 1335 981 1384 sed
996 1334 1046 1384 hoc
1061 1348 1161 1400 quoque
1176 1336 1323 1399 cogitemus,

171 1421 223 1471 tius
241 1420 322 1470 Theb.
339 1419 391 1470 1x.
409 1421 466 1466 218.
485 1411 584 1464 Senium
592 1413 726 1479 defendere
771 1416 835 1465 nihil
859 1416 927 1465 ultra
951 1428 1019 1476 esse,
1044 1429 1096 1479 quo
1111 1415 1172 1466 victi
1187 1416 1323 1481 fugiamus.

165 1503 269 1568 samue,
294 1500 311 1548 1.
329 1513 352 1548 0.
370 1513 387 1546 0
398 1498 489 1562 famu,
506 1502 535 1544 ut
550 1496 726 1559 interpretatur
772 1495 920 1558 Sententia,
945 1512 1011 1545 emus
1034 1495 1141 1561 deuotum
1163 1497 1242 1561 mepte
1259 1496 1324 1547 tiore.

172 1582 265 1632 Heius.
291 1580 324 1629 ul
340 1577 471 1629 claudian.
488 1577 519 1625 de
536 1575 564 1625 11
582 1575 658 1626 Cons.
677 1576 726 1626 Stl-
773 1587 830 1638 tur,
855 1579 931 1628 variis
955 1579 1037 1628 modis
1061 1592 1178 1642 expresse
1195 1584 1241 1638 est,
1257 1591 1283 1628 v.
1300 1592 1323 1628 e.

171 1663 231 1712 lich.
259 1664 316 1710 171.
340 1659 418 1709 Silius
435 1657 493 1707 Ital.
512 1655 548 1707 V.
565 1662 622 1706 490.
640 1656 726 1722 desen·
774 1660 855 1710 Tacit.
882 1660 978 1710 Annal.
1004 1659 1044 1710 ΙΙ.
1062 1664 1103 1709 82.
1126 1657 1279 1722 Cunctaque,
1296 1665 1325 1709 ut

172 1741 233 1791 dere
257 1739 339 1788 ucecia
360 1737 433 1787 morti
450 1735 575 1786 Dedecus.
592 1738 726 1790 cf.Heins.
773 1756 804 1790 ee
828 1739 970 1805 lonqinquo,
995 1749 1071 1790 auctu
1094 1739 1120 1788 iu
1136 1737 1245 1789 deterius
1261 1739 1325 1805 affe·

173 1824 209 1872 011
235 1820 309 1872 (trid.
334 1819 441 1870 Heroid.
469 1817 504 1868 V.
524 1822 563 1867 16.
581 1819 626 1883 qni
643 1834 727 1872 exam
773 1823 899 1872 rebantur.
927 1821 985 1870 Lit.
1012 1819 1150 1870 XXVIII.
1176 1817 1325 1870 saltator

172 1903 218 1967 pla
234 1917 284 1952 non
301 1901 417 1951 distinxit
432 1900 507 1949 huius
524 1907 549 1949 et
566 1901 667 1950 alterins
680 1901 727 1950 for·
774 1904 913 1969 ipuoterum
929 1916 1010 1950 rerum
1032 1909 1068 1950 cet
1085 1909 1165 1950 terror
1170 1921 1181 1957 ,·
1198 1901 1260 1949 leuc
1275 1915 1325 1949 mu·

173 1983 272 2042 mulae,
297 1997 347 2046 qua
371 1981 462 2031 dicitur
473 1982 575 2044 samem
593 1979 729 2046 defendere
775 1985 848 2050 laque
873 1982 976 2034 ioste'uru
1000 1997 1030 2030 ex
1042 1981 1184 2046 propinquo
1200 1979 1326 2046 inpressae

173 2063 267 2123 alictii,
283 2064 343 2128 qnia
360 2063 403 2112 ille
419 2068 518 2111 tantum
536 2063 625 2124 egebat
642 2063 674 2111 de
688 2061 728 2111 de·
769 2066 837 2128 flues
853 2061 990 2130 adspicies.
1008 2061 1099 2111 Iustin.
1116 2062 1154 2112 11.
1174 2065 1214 2112 10.
1235 2059 1325 2112 Tanto·

167 2144 279 2210 sendcre
304 2158 351 2208 pro
375 2159 470 2192 arcere.
506 2142 625 2192 Ceterum
641 2144 729 2194 eadem
775 2164 821 2213 que
837 2163 889 2198 rem
904 2145 1032 2207 maiorem,
1049 2150 1140 2206 quanto
1156 2141 1191 2192 sit
1206 2141 1326 2193 occultior

174 2226 301 2276 sententia
325 2230 362 2274 001
388 2225 414 2273 in
430 2225 470 2272 110
489 2224 557 2273 Livii
575 2222 667 2272 XLII.
686 2227 728 2272 58.
770 2229 903 2294 putabunt.
930 2226 1027 2290 Appul.
1051 2224 1157 2275 Metam.
1172 2224 1207 2274 V.
1224 2239 1249 2288 p.
1267 2227 1325 2274 326.

176 2305 228 2363 Qut
250 2303 358 2370 Europa
374 2304 438 2354 omui
454 2302 560 2365 domitu,
579 2303 729 2369 transgressi
776 2309 868 2364 Quouis
889 2306 1027 2374 metopius
1045 2305 1123 2367 timet,
1142 2305 1327 2371 quodtpnorer.

173 2387 200 2437 iu
224 2386 328 2447 Asiam,
354 2385 499 2451 incoquituut
516 2387 608 2450 samec
625 2401 728 2450 aperue-
775 2390 851 2441 Adde
866 2391 949 2440 locum
967 2389 1081 2441 Caesaris
1094 2388 1126 2436 dc
1143 2387 1176 2437 B.
1195 2385 1225 2436 C.
1243 2387 1283 2436 11.
1300 2393 1326 2436 4.

172 2477 232 2518 runt
256 2467 332 2517 ermis
357 2467 436 2516 orbem
462 2475 592 2516 terrarum.
610 2467 728 2528 Rothins,
780 2471 901 2521 Communi
925 2469 987 2519 euim
1006 2469 1043 2530 fit
1067 2467 1128 2517 vitio
1154 2474 1276 2527 naturae,
1297 2472 1327 2516 ut

174 2550 219 2616 qui
245 2544 393 2613 Agricolam
418 2548 495 2597 edidit
517 2531 542 2598 a·
571 2552 644 2608 1833,
667 2548 693 2596 h·
710 2547 728 2597 l·
775 2553 874 2613 invisis,
906 2547 1063 2601 latitantibus
1092 2555 1167 2612 utque
1197 2544 1326 2612 tacueritis

174 2631 264 2682 00d⁰¹¹1
280 2632 356 2680 ¹11⁰d0
373 2621 549 2693 interimam
566 2635 611 2678 0⁸²·
646 2627 730 2678 1)Ῑᾶῖώ
774 2634 860 2693 rebus,
882 2632 960 2698 muyis
977 2628 1140 2693 confidamus,
1156 2629 1326 2680 uehementius·

174 2727 210 2762 ex
226 2711 356 2770 Dmnkio,
373 2709 417 2774 qni
433 2711 563 2759 nobiscum
577 2709 644 2759 facit.
661 2708 729 2758 Krit·
776 2731 822 2780 que
833 2723 1016 2770 exterreamur;
1026 2720 1053 2762 ut
1062 2720 1111 2760 tum
1119 2710 1219 2762 accidit.
1237 2711 1327 2764 Osten-

174 2794 243 2845 zins:
262 2792 352 2842 ereinuc
362 2793 455 2856 famae
472 2791 595 2854 significat
615 2798 729 2838 tutamen·
775 2796 802 2844 di
825 2795 888 2846 haec
903 2796 980 2845 verba
995 2800 1124 2858 corrupte,
1142 2794 1164 2843 si
1179 2794 1236 2857 quis
1251 2795 1325 2844 corri-

175 2884 240 2934 tum,
256 2875 325 2938 qnorl
342 2872 410 2922 lama
425 2873 498 2922 uobis
511 2872 730 2936 praetereaque
775 2891 833 2940 gere
858 2876 927 2926 sciat.
960 2876 1090 2938 Quantum
1115 2875 1205 2924 auxilii
1223 2875 1326 2927 Caledo-

175 2964 307 3020 temqnam
333 2954 402 3004 sinus
427 2959 511 3002 tutans
536 2967 582 3002 nos
598 2953 731 3016 complexa
775 2958 824 3008 niis
849 2958 875 3006 in
901 2972 931 3007 eo
955 2959 1000 3016 sit,
1024 2957 1091 3018 quod
1123 2970 1168 3018 pro
1192 2957 1326 3018 magnifico

174 3036 240 3087 est.''
258 3035 294 3086 Et
311 3036 347 3084 sic
363 3033 481 3085 Wexius.
774 3037 920 3096 habebatur,
937 3038 998 3086 dicit
1013 3039 1066 3102 ipse
1089 3039 1327 3103 cugecumoeene

210 3116 297 3180 Atque
321 3130 386 3164 oruue
409 3113 515 3179 ipnotum
534 3131 584 3179 pro
600 3113 730 3178 mayuistco
776 3117 904 3168 Romanos
929 3116 1040 3183 trepidos
1064 3119 1220 3184 ipuercutr'c,
1237 3119 1327 3172 coelum

174 3206 224 3249 est.
250 3197 386 3248 Rhenanus
410 3210 456 3260 pro
476 3203 552 3259 etque
572 3196 634 3258 legit
650 3195 729 3258 utqui.
775 3199 855 3264 ipsum
871 3201 1131 3265 aemendatione,
1149 3201 1234 3268 iquotu
1247 3200 1327 3254 omniu

177 3279 314 3332 Acidalius
346 3276 437 3341 duplici
469 3277 545 3325 modo
569 3277 729 3340 transposuit,
775 3279 1013 3345 circumspectante.

175 3361 295 3411 Muretus
320 3359 419 3417 delevit,
437 3355 549 3405 Ritterus
565 3357 636 3406 uncis
652 3357 730 3407 inclu·
809 3358 886 3412 Ntttt
909 3362 959 3412 nisi
977 3363 1075 3427 fluctus
1099 3373 1124 3414 et
1148 3381 1226 3426 ensa,
1251 3375 1276 3416 et
1291 3367 1327 3417 iu·

176 3443 218 3492 sit.
238 3440 366 3492 Coniicio:
384 3455 445 3487 nuuc
455 3437 571 3486 terminus
579 3434 731 3487 Britannice
770 3441 895 3504 festioree
919 3442 1033 3494 Romani.
1060 3445 1197 3496 Rhenanus
1221 3446 1326 3512 iuferio-

172 3530 260 3590 patet,
286 3529 362 3584 utque
383 3534 449 3568 omne
473 3518 592 3582 deuotum,
615 3533 665 3582 pro
682 3533 731 3566 mo·
777 3537 831 3582 res,
857 3523 901 3573 alii
917 3523 1059 3585 interiores,
1077 3526 1120 3576 elii
1136 3527 1193 3576 alia.
1211 3527 1257 3578 Nil
1273 3542 1326 3579 mu·

174 3601 269 3667 purifico
286 3609 332 3650 est.
358 3599 478 3650 Britanni
497 3598 610 3662 spemin
628 3597 731 3648 Caledo-
776 3604 890 3652 tendum.
907 3603 1016 3655 Romani
1031 3613 1090 3655 sunt
1102 3606 1242 3660 infestiores
1249 3625 1327 3676 quam

176 3683 378 3734 niishabebaut.
395 3683 578 3731 Numeremus
594 3679 681 3728 intacti
695 3695 731 3729 ar·
771 3683 869 3746 fluetus
898 3693 922 3734 et
952 3701 1024 3737 sara.
1051 3687 1211 3753 Comparatio
1236 3693 1326 3744 coloris

176 3761 732 3826 miaRomanorum,quIvixnomennostrum
776 3765 876 3828 politici.
903 3764 978 3819 Ovid.
1001 3768 1106 3820 Heroid.
1130 3770 1166 3821 X.
1194 3778 1249 3823 132.
1275 3772 1327 3824 Au·

177 3845 335 3894 audiverant.
361 3843 436 3894 Nunc
461 3848 493 3896 sd
517 3846 652 3896 terminum
675 3846 731 3896 Bri·
777 3855 856 3896 cteres
873 3863 936 3897 euru
946 3851 1093 3915 fretumque
1109 3851 1153 3902 tui.

177 3926 295 3984 tanniee,
328 3939 407 3990 nsque
441 3927 604 3978 Caledoniam
630 3911 731 3979 venere.
810 3926 938 3994 Raptores
962 3931 1035 3980 orbis.
1068 3931 1144 3983 Aliae
1167 3941 1254 3997 gentes
1278 3935 1326 3986 Ro·

179 4005 350 4056 Penetrarnnt
374 4007 406 4056 ed
430 4008 498 4059 hune
517 4023 643 4060 recessum
659 4015 684 4059 et
701 4009 732 4059 si·
777 4024 865 4059 munos
879 4012 1036 4075 appellebant
1050 4013 1130 4078 lupos,
1147 4015 1326 4066 obiicienteeat

178 4102 241 4136 nnm
264 4094 391 4148 nostrum,
408 4091 478 4139 cuins
495 4091 614 4140 interiore
630 4091 732 4155 quidem
777 4091 901 4156 originem
917 4107 932 4142 u
948 4092 1057 4143 Romulo
1073 4101 1098 4145 et
1113 4097 1273 4160 rapacitatem
1289 4098 1326 4148 lu·

180 4168 210 4218 iis
228 4173 287 4216 sunt
295 4169 523 4236 incognita‚eoqne
531 4173 611 4236 magis
620 4161 732 4222 timenda
777 4187 880 4236 porumr
907 4172 961 4238 lupi
976 4179 1060 4225 antem
1076 4185 1100 4224 et
1116 4184 1232 4242 ruptores
1248 4184 1273 4227 et
1289 4177 1325 4228 la·

179 4249 311 4308 videntum
328 4254 404 4313 atque
420 4250 469 4300 iste
483 4252 596 4302 locorum
613 4259 638 4302 01
653 4253 732 4303 homi·
779 4261 860 4302 tronea
884 4255 1047 4318 appellentur.
1070 4255 1154 4321 Artigi
1178 4259 1210 4308 ad
1233 4260 1325 4312 Horat.

180 4345 242 4380 num
268 4330 411 4394 Ignorantia
431 4331 544 4382 hostibus
560 4335 643 4393 obest,
661 4334 733 4383 nobis
777 4350 803 4398 p.
829 4340 886 4386 289.
904 4337 946 4385 Ita
963 4337 1095 4388 Telesinus
1112 4341 1177 4404 apud
1193 4341 1261 4392 Vell.
1278 4343 1327 4394 Pa·

178 4414 295 4474 prodest,
321 4412 394 4462 nobis
418 4428 463 4477 pro
484 4415 618 4478 magnifico
635 4420 688 4475 est,
705 4421 734 4464 ut
779 4422 839 4466 tere.
865 4416 903 4480 II.
929 4420 974 4478 et,
991 4426 1065 4469 vocat
1081 4435 1123 4471 eos
1139 4430 1256 4489 raptores
1272 4422 1326 4476 Itu-

179 4493 244 4543 solet
268 4507 323 4543 esse
346 4507 421 4544 omne
446 4496 574 4559 ignotum,
599 4493 666 4558 qnod
683 4493 732 4558 ple·
779 4495 842 4547 licere
867 4496 997 4550 libertatis.
1017 4499 1175 4556 Mithridates
1190 4507 1255 4570 apud
1273 4503 1327 4556 Sol·
