3074 5310
245 533 308 594 lit
674 540 829 588 coaaanrr
854 541 966 588 rrcrrr

249 709 454 778 affinitatibus
477 721 509 774 et
533 708 689 786 amicitiis,
713 708 821 774 satura
845 708 1002 797 effugisse.
1051 709 1135 776 Nam
1159 714 1251 778 sicuti
1275 713 1393 782 durare

248 819 283 883 in
318 817 402 882 bena
437 815 608 880 beatissimi
635 814 733 879 seculi
755 815 861 878 lucem
885 835 922 878 ae
946 815 1123 904 principem
1149 815 1321 884 Traianum
1345 824 1394 887 ri-

249 921 326 988 dere
360 921 521 1009 quondam
559 920 690 1007 augurio
724 921 866 1007 rotisque
899 918 982 1006 apud
1010 933 1130 986 nostras
1155 947 1245 989 aures
1269 927 1394 991 omina-

247 1027 365 1102 batur,
400 1027 445 1090 ita
478 1024 644 1090 festinatae
678 1025 787 1089 mortis
821 1023 940 1113 grande
976 1025 1122 1091 solatium
1153 1029 1227 1093 tulit
1259 1031 1395 1096 erasisse

247 1143 442 1222 postremum
479 1129 559 1193 illud
593 1141 742 1217 tempus,
780 1151 842 1216 quo
867 1127 1065 1196 Domitianus
1089 1155 1152 1196 non
1177 1134 1239 1198 iam
1264 1155 1323 1224 per
1345 1135 1394 1200 in-

211 1385 212 1388 ’
247 1377 284 1427 tio
307 1384 358 1437 est,
375 1378 473 1427 obstare
490 1389 554 1440 quae
570 1391 624 1440 cap.
644 1381 658 1426 6
676 1379 708 1428 de
725 1379 797 1426 abun·
843 1383 881 1426 ast
904 1377 1025 1425 iudicium
1050 1369 1187 1438 numnis,
1205 1394 1257 1428 non
1274 1380 1344 1430 illins
1361 1383 1395 1432 de

247 1456 349 1517 dantia,
366 1473 421 1521 cap.
439 1462 470 1505 42
488 1458 519 1506 do
537 1457 627 1506 salario
644 1473 691 1506 aaa
703 1458 796 1522 petita,
842 1471 893 1520 quo
918 1463 1039 1505 narratur.
1065 1457 1160 1508 Dubito
1178 1473 1210 1508 an
1229 1461 1277 1510 hac
1294 1469 1394 1526 reputa·

252 1546 277 1590 ct
301 1551 355 1601 cap.
379 1542 411 1586 58
436 1538 467 1586 de
485 1543 626 1585 testamento
646 1538 797 1587 dictasunt.
844 1538 925 1586 verint
941 1539 1102 1601 interpretes,
1119 1540 1163 1603 qui
1171 1542 1394 1604 transpositionem

246 1617 595 1680 Remanet,puto,difficnltas
607 1621 798 1669 natacxvsrbis
843 1617 989 1666 Doederlini
1008 1618 1117 1680 florente
1133 1623 1226 1685 sama,
1238 1622 1301 1684 filio
1318 1631 1395 1686 atque

246 1697 338 1750 Dionis
355 1697 425 1748 Casas
443 1697 548 1748 LXVI.
566 1701 605 1748 20.
624 1697 638 1746 b
652 1695 684 1747 di
697 1698 798 1767 ’Ayps-
843 1713 918 1746 uxore
934 1701 1121 1764 superstitibus,
1138 1701 1215 1750 salvis
1229 1703 1396 1766 affinitatibus

249 1779 334 1837 πύλας
359 1778 389 1828 ἲν
412 1795 445 1828 τε
469 1779 726 1844 dissipationis
746 1783 797 1830 τοῦ
844 1787 868 1828 et
884 1779 1106 1844 auaidtiisfutura
1122 1781 1242 1846 effiapissc
1263 1792 1397 1848 propterea

248 1863 314 1922 βίου
334 1859 382 1910 καὶ
401 1861 429 1910 iu
446 1860 551 1926 ἐνδείᾳ,
561 1861 611 1911 ἅτε
624 1864 671 1912 καὶ
680 1865 797 1929 μείζονα
842 1875 941 1924 quoque
958 1877 1009 1910 non
1027 1863 1181 1926 probandam
1197 1877 1251 1913 esse
1263 1867 1397 1928 putabant,

245 1946 263 2008 ἣ
275 1943 346 1992 κατὰ
356 1943 511 2010 στρατηγὸν
522 1945 698 2012 καταπράξας
707 1945 796 2011 ἔζησε.
842 1941 901 2004 quia
909 1942 1054 2006 superstites
1063 1944 1396 2010 isdemumhabetquimor·

245 2023 296 2074 aab
321 2024 400 2082 τέλος
422 2023 525 2090 ἐσφάγη
551 2025 599 2074 διὰ
626 2029 719 2075 ταῦτα
741 2027 797 2077 ὑπὸ
842 2027 899 2070 tuus
917 2029 967 2081 ast,
984 2037 1036 2072 non
1053 2025 1096 2088 qni
1113 2027 1256 2074 morituras.

244 2107 427 2169 Δομιτιαναῦ.
454 2107 572 2157 Tacitum
595 2111 619 2159 ei
643 2125 695 2159 non
720 2109 796 2160 fuisse
858 2101 928 2152 Nam
944 2102 1019 2153 at'ttttt'
1034 2104 1127 2154 durare
1143 2105 1169 2154 t'n
1185 2105 1248 2156 hanc
1260 2107 1397 2158 beatissimi

245 2191 362 2252 ignotum
396 2203 429 2237 ex
454 2191 539 2237 multis
565 2191 664 2239 indiciis
690 2198 794 2240 constet.
842 2183 918 2232 seculi
943 2183 1026 2233 lucem·
1044 2186 1077 2234 In
1093 2183 1177 2236 Vatic-
1195 2187 1288 2249 legitur
1304 2187 1331 2237 ia
1347 2187 1396 2239 hac

247 2269 300 2321 Cur
325 2270 367 2319 hic
391 2270 427 2318 ita
449 2269 588 2332 discrepare
604 2272 725 2333 potuerit,
743 2285 795 2320 non
842 2262 911 2324 luce,
937 2264 1131 2330 9²l⁰datt91⁴r2⁸⁰·
1149 2267 1181 2316 111
1198 2269 1284 2318 oodisse
1302 2269 1395 2320 Ursini

245 2351 369 2415 intelligo.
389 2349 513 2400 coniicias
530 2351 620 2414 aliquis
638 2365 695 2400 eum
704 2352 796 2400 vidisse
841 2357 897 2393 tam
921 2345 995 2395 sicuti
1018 2361 1120 2412 sicquae
1137 2349 1263 2398 cuiusdam
1274 2349 1393 2414 felicita·

246 2434 373 2492 codicem,
399 2433 426 2480 in
443 2445 493 2496 quo
511 2431 631 2495 scriptum
649 2439 723 2482 esset:
741 2448 795 2496 sps.
842 2425 875 2474 tis
891 2435 965 2486 asset,
983 2425 1088 2488 durare,
1104 2431 1172 2478 unde
1181 2429 1290 2479 Waxius
1299 2431 1393 2481 edidit:

244 2515 327 2564 eiosae
349 2529 395 2561 nou
420 2511 589 2576 corruperas&
615 2513 679 2562 mihi
703 2515 795 2563 verosi·
840 2505 895 2555 'sam
919 2507 995 2558 Siculi
1018 2523 1119 2574 mayuae
1138 2509 1264 2558 cuiusdam
1275 2510 1394 2575 salicita-

242 2595 328 2643 milius
345 2594 442 2641 videtur
458 2594 594 2655 legendum
612 2607 678 2642 esse:
698 2592 746 2640 aut
766 2593 794 2641 ie
841 2589 874 2636 tis
891 2597 969 2648 esset,
987 2589 1079 2638 durare
1095 2590 1121 2640 in
1137 2589 1183 2639 Irae
1201 2591 1339 2641 beatissimi
1355 2609 1393 2642 ss·

244 2674 314 2730 δίει,
344 2673 394 2720 ἅτε
421 2690 446 2724 u.
473 2689 497 2725 τ.
526 2671 549 2723 t.
574 2673 710 2736 Agrieoia,
727 2675 794 2737 quod
840 2667 890 2718 cuii
912 2669 972 2720 luce.
991 2671 1046 2734 Ego
1063 2672 1105 2720 hic
1121 2679 1219 2722 secutus
1236 2687 1306 2733 sum,
1322 2677 1394 2739 quod

243 2758 310 2806 vitae
345 2753 480 2818 superfuit,
515 2755 584 2816 dogit
617 2769 669 2802 non
695 2760 793 2804 tantum
840 2749 917 2800 edidit
934 2751 1061 2800 Kritrius:
1079 2751 1106 2800 iu
1119 2751 1180 2801 banc
1194 2753 1270 2802 lucem
1286 2755 1394 2805 debatur

242 2839 313 2887 nullo
330 2837 424 2884 honore
442 2835 793 2894 aDomitianoornaurs,sed
840 2831 969 2894 Acidalio,
995 2832 1114 2897 quondum
1143 2833 1248 2884 Rittero.
1277 2837 1394 2886 KritaIus

240 2919 328 2970 relicta
341 2916 792 2979 modosenatoriadignitatoacprae·
837 2913 948 2962 universi
964 2915 1013 2963 loci
1030 2917 1180 2964 sententiam
1196 2917 1392 2966 sieaaetaravit:

241 3006 310 3050 terea
318 2998 792 3061 etiamneglectusatcontemptus,etin
841 3009 919 3043 arnam
944 3009 1096 3059 quamquam
1115 2998 1242 3060 quondam
1267 2998 1332 3046 mihi
1359 2999 1391 3047 si-

241 3081 793 3146 perpetrassem,quippeproptertsntasras
838 3075 985 3136 gnificabat,
1002 3083 1090 3140 putare
1106 3091 1133 3127 se
1149 3077 1255 3127 meliora
1275 3083 1391 3142 tempore

241 3169 324 3224 gestas
341 3168 366 3210 et
383 3159 567 3223 imperatoriam
584 3159 644 3208 boui
659 3160 728 3208 ducis
741 3161 793 3208 lan·
838 3169 890 3204 nou
916 3164 1013 3206 remota
1038 3171 1104 3218 assa,
1122 3172 1186 3222 quaa
1203 3165 1228 3207 et
1244 3157 1297 3221 ipse
1315 3161 1390 3209 attin·

243 3242 436 3304 dem‚tyranno
445 3241 601 3288 metuendus.
610 3239 715 3302 Semper
725 3241 793 3289 enim
838 3249 897 3298 gere
919 3243 1015 3300 posset,
1042 3245 1116 3303 atque
1137 3241 1276 3304 principem
1301 3240 1389 3291 'lisia-

241 3322 369 3371 timendae
395 3325 466 3370 arant
491 3319 667 3370 accusationes.
685 3321 726 3369 Ita
742 3321 793 3369 iam
838 3317 981 3378 nomime,
998 3331 1074 3382 quem
1089 3321 1174 3370 videre
1190 3323 1264 3371 valde
1272 3329 1388 3386 cuperet,

242 3410 295 3454 erat
321 3405 367 3452 sub
383 3401 493 3452 'liberio
511 3401 607 3451 Annal.
625 3401 673 3450 VI.
691 3406 714 3452 8.
734 3397 793 3456 Qut·
838 3404 922 3446 tamen
947 3399 995 3448 hoc
1019 3414 1063 3464 spe
1079 3402 1208 3465 deceptas,
1225 3403 1253 3451 in
1269 3401 1388 3452 festinata

241 3485 286 3534 bus
310 3484 423 3548 insessas
449 3492 512 3532 esset
530 3481 660 3547 (Seianus)
683 3491 746 3531 metu
763 3499 794 3531 ac
838 3486 918 3529 morte
935 3481 1018 3529 minus
1035 3482 1190 3532 miserandus
1210 3485 1388 3548 videtur,pro·

240 3563 355 3614 sordibus
379 3563 593 3626 conflictabantur.
617 3563 668 3613 VI.
695 3569 735 3614 38.
750 3563 793 3614 ubi
838 3566 923 3624 pterea
950 3563 1018 3626 quo'd
1042 3565 1121 3612 evasit
1144 3571 1299 3628 postremum
1325 3565 1389 3615 illud

242 3644 395 3695 Anuntinsz
427 3643 474 3692 sibi
499 3643 563 3692 satis
587 3644 692 3703 aetatis,
717 3661 793 3708 neque
837 3641 962 3706 tempus.''
989 3643 1156 3694 considerans
1173 3651 1258 3695 tamen
1275 3647 1344 3709 qnod
1360 3647 1388 3695 in

241 3724 315 3776 aliud
333 3723 518 3790 poenitendam,
545 3739 616 3787 quam
643 3723 709 3787 quod
728 3725 793 3774 iuter
839 3721 901 3774 Cod.
925 3725 1026 3786 Ursini,
1044 3727 1113 3776 cuius
1130 3728 1206 3775 fidem
1222 3727 1286 3776 bene
1303 3727 1388 3778 defen-

241 3805 350 3857 iudibria
368 3813 392 3853 et
404 3803 522 3870 periculo
539 3805 636 3854 aucium
650 3813 792 3854 senectutem
837 3805 874 3854 dit
899 3805 1008 3856 Wexius
1035 3809 1063 3856 in
1085 3809 1229 3870 Prolegom.
1255 3823 1281 3871 p.
1302 3813 1332 3858 12
1350 3823 1387 3874 sq.

240 3887 406 3938 toleravisset.
836 3885 996 3936 considerans
1019 3887 1109 3950 igitur,
1126 3891 1193 3952 quod
1210 3890 1236 3938 in
1254 3903 1284 3940 eo
1301 3892 1389 3940 codice

273 3966 364 4018 Potest
379 3965 461 4016 videri
476 3965 549 4016 etiam
566 3968 659 4016 beatus.
683 3965 726 4016 Sic
736 3965 790 4015 An·
835 3967 935 4030 legitur,
952 3983 1007 4015 aaut
1024 3969 1087 4017 sieut
1096 3985 1199 4034 ruapnoe
1213 3971 1339 4020 cuiusdam
1343 3974 1389 4036 se·

239 4051 292 4100 nai.
314 4048 397 4100 XIII.
418 4049 456 4097 17.
482 4047 518 4098 Ut
533 4047 583 4097 iam
598 4058 791 4113 neupraematu-
836 4047 940 4096 licitatis
963 4063 1015 4096 esse
1031 4047 1136 4109 durare,
1153 4053 1237 4102 verbis
1253 4055 1389 4118 transposi-

238 4145 271 4181 ra
287 4145 362 4194 neque
379 4144 453 4178 saeua
461 4143 525 4178 mors
533 4127 615 4178 videri
624 4137 699 4193 queat
708 4145 788 4194 quam·
835 4130 867 4178 tis
892 4129 1041 4180 sententiam
1061 4129 1128 4179 haud
1144 4134 1255 4196 peiorem
1271 4135 1392 4186 constitui

238 4211 277 4261 oia
292 4212 357 4261 iuter
374 4226 448 4259 sacro
465 4225 560 4259 creusae
577 4223 614 4274 sq.
624 4211 719 4261 Seneca
728 4211 789 4262 Sua·
835 4209 954 4260 arbitror:
983 4210 1052 4260 Nam
1068 4212 1144 4262 sicuti
1160 4213 1265 4264 durasse
1281 4214 1308 4264 iu
1326 4216 1390 4266 que

240 4307 288 4340 sor.
313 4291 365 4340 VI.
382 4291 459 4340 refert
474 4293 551 4341 verba
571 4291 655 4341 Livii:
673 4301 789 4353 martem,
835 4291 973 4342 beatissimi
997 4293 1074 4343 seculi
1097 4294 1186 4354 lucem,
1204 4311 1235 4346 ac
1248 4295 1393 4363 principem

241 4387 375 4434 quaesere
392 4370 533 4421 aestimanti
548 4371 625 4420 miuus
641 4373 742 4438 indigna
755 4375 789 4425 vi·
840 4369 975 4422 Traianum
992 4375 1089 4436 videre,
1110 4377 1177 4440 quod
1192 4378 1299 4442 cupatrio
1317 4379 1392 4430 votis-

241 4447 296 4500 deri
318 4451 409 4514 potuit.
435 4452 467 4502 In
492 4450 572 4502 videri
594 4461 690 4516 potest,
705 4455 789 4519 patuit
836 4471 881 4519 que
908 4455 978 4522 opud
1002 4465 1099 4508 nostras
1115 4473 1190 4510 aures
1207 4460 1394 4524 emittebantur,
