3074 5310
631 561 805 612 rcnrcoul.
1238 552 1299 612 165

150 737 307 803 rationem
343 744 491 799 constans
527 752 634 796 rumor
669 751 790 797 veneno
829 730 1051 819 interceptum.
1088 729 1186 797 Nobis
1220 732 1301 797 nihil

151 840 327 931 comperti,
364 837 521 903 affirmare
556 836 669 901 ausim.
729 833 878 900 Ceterum
913 857 969 924 per
1001 856 1128 901 omnem
1153 835 1293 903 valetud·

151 969 228 1012 nem
262 946 348 1020 aius,
385 941 528 1008 crebrius
562 963 658 1030 mum
682 962 719 1005 er
742 961 830 1006 more
853 940 1067 1030 principatus,
1091 963 1148 1029 pcr
1171 942 1299 1006 nuntios

152 1051 300 1125 visentis,
336 1061 368 1114 ct
403 1046 589 1112 libertorum
625 1045 719 1134 primi
753 1057 785 1110 et
815 1045 1012 1111 medicorum
1035 1045 1140 1110 intimi
1161 1068 1297 1123 venere,

154 1157 219 1222 sire
255 1177 329 1220 cura
366 1150 446 1217 illud
481 1152 544 1217 sire
579 1150 740 1242 inquisitio
775 1161 853 1216 erat.
903 1148 1059 1237 Supremo
1092 1148 1221 1238 quidem
1248 1149 1299 1216 dic

154 1397 272 1447 Fortasse
295 1403 333 1448 eet
348 1413 399 1448 una
416 1398 529 1448 omniurn
546 1397 705 1448 acerbissima
749 1369 1301 1464 danucltortmeinvooaprinctposurnou-

155 1477 298 1536 affirmatio,
324 1477 471 1542 Agricolam
486 1491 585 1528 veneno
601 1477 704 1528 interce·
749 1478 813 1527 nihil
821 1478 1031 1544 acerbiest‚qnod
1037 1481 1122 1530 minus
1130 1487 1193 1531 eset
1200 1482 1225 1530 in
1232 1480 1302 1547 prin·

154 1565 226 1622 ptum
248 1557 336 1608 rideri.
355 1557 461 1619 Omnia,
478 1560 524 1618 eit,
541 1573 599 1608 curn
615 1573 705 1622 cogna-
750 1557 827 1624 cipis,
840 1561 1215 1624 utnonnullilogerevolebeut.
1234 1562 1302 1610 {lum

154 1640 187 1688 tis
212 1646 238 1688 et
262 1639 348 1688 amicis
364 1641 490 1704 inquisivi.
515 1640 567 1690 Sed
583 1641 704 1690 Domitia·
750 1640 834 1703 potius
843 1641 979 1706 scripsisset
983 1641 1302 1707 principum;qnamqnam

154 1734 203 1768 nus
228 1720 309 1769 scelus
334 1726 386 1769 tarn
411 1728 482 1771 caute
497 1722 661 1786 perpetravit,
677 1727 705 1770 ut
751 1720 1302 1786 inprincipisoogitsturgenus,nontantnm

154 1805 223 1850 certo
247 1802 356 1864 quodam
378 1802 470 1851 indicio
485 1802 637 1865 deprehendi
653 1817 704 1851 non
752 1801 986 1862 Domitianus,non
996 1802 1187 1867 estprincipio.
1205 1801 1301 1850 Princi·

154 1881 273 1945 potuerit.
300 1882 402 1930 Tacitus
426 1884 458 1932 de
478 1897 577 1932 veneno
600 1883 706 1933 minime
750 1880 1302 1951 pesautempthodie,pernuntiosrisebaut

153 1962 292 2011 dubitabat.
318 1961 461 2026 Simplicior
482 1970 547 2013 esset
562 1964 704 2012 affirmatio:
751 1962 1301 2031 aegrotantesghonoriscausso.stipsivise-

154 2043 223 2092 mota
247 2041 311 2092 nihil
335 2044 465 2110 comperti,
490 2047 616 2108 offirmare
639 2043 707 2093 laad
750 2050 820 2103 rent,
844 2047 965 2108 putabant
986 2059 1013 2094 se
1028 2045 1152 2108 insignius
1168 2045 1301 2093 documen·

154 2124 243 2174 casim.
270 2121 322 2174 Sed
345 2126 373 2173 in
397 2125 445 2174 hac
466 2127 649 2174 constructione
664 2139 705 2175 me
750 2129 805 2174 trun
829 2127 1019 2176 benevolentiae
1043 2127 1115 2176 dare:
1134 2125 1165 2174 et.
1184 2123 1299 2176 Oudend.

156 2219 256 2269 semper
272 2205 510 2272 offenditcomperti.
528 2206 631 2256 Tacitus
639 2213 705 2256 amat
750 2206 783 2254 ad
800 2205 904 2256 Sueten.
922 2209 980 2257 Tib.
1000 2212 1039 2256 ll.

152 2287 279 2350 genitivos
301 2294 357 2351 post
373 2287 443 2337 citit.
462 2287 545 2337 Multo
559 2287 648 2337 talium
664 2302 705 2351 ge·
767 2283 923 2336 Libertorum
944 2289 1022 2353 primi
1051 2295 1075 2337 et
1096 2286 1241 2338 medicorum
1265 2287 1300 2336 irr-

154 2368 293 2417 uitirorum
324 2369 441 2431 exempla
464 2369 618 2432 collegerunt
642 2368 704 2420 Gro-
752 2366 811 2416 timi.
843 2369 964 2418 Ernestus
987 2369 1177 2432 transponebatz
1204 2367 1299 2417 liberto-

153 2463 213 2498 nov.
239 2449 271 2497 ad
286 2448 344 2497 Lir.
363 2448 488 2497 XXXII.
506 2452 546 2498 st.
564 2450 655 2500 Heius.
673 2451 705 2499 ad
752 2463 805 2496 rum
821 2450 913 2510 intimi,
923 2449 1098 2499 etmedicorum
1107 2448 1194 2513 primi.
1211 2448 1243 2497 In
1252 2447 1299 2496 hac

154 2529 231 2580 Orid.
249 2529 356 2578 Heroid.
374 2530 441 2578 VII.
462 2533 515 2579 104.
535 2529 704 2580 Cort.edLu·
749 2548 836 2584 caussa
849 2531 927 2596 primi
944 2537 968 2580 et
984 2529 1062 2579 intimi
1070 2545 1122 2578 nou
1131 2530 1239 2578 multum
1252 2527 1298 2577 dif-

151 2625 207 2660 csn.
225 2611 263 2660 Π.
282 2613 339 2660 657.
358 2610 515 2659 Terminatio
532 2625 570 2659 um
581 2617 612 2660 et
628 2611 639 2660 i
654 2612 704 2674 ple·
750 2616 841 2664 luunt.
859 2610 943 2662 Primi
958 2610 1045 2660 medici
1061 2616 1119 2660 sunt
1136 2610 1296 2660 excellentes.

152 2705 258 2755 rumque
275 2692 302 2739 iu
320 2691 383 2739 Mss.
400 2695 587 2754 permutantur,
604 2705 651 2741 nee
659 2693 704 2740 mi·
750 2696 880 2759 Principes
896 2707 949 2742 non
965 2693 1022 2742 aliis
1034 2692 1071 2742 nti
1079 2691 1168 2740 solent.
1187 2689 1238 2739 Sed
1246 2704 1298 2738 om·

151 2787 222 2831 mm,
238 2787 306 2837 ,cum
322 2772 704 2836 11111111111111,1111011Ρ1111ω
751 2791 795 2826 nes
821 2775 912 2825 medici
937 2789 989 2823 non
1015 2777 1073 2822 sunt
1096 2772 1188 2821 intimi.
1215 2771 1299 2835 Opera

152 2853 236 2902 differt
261 2855 293 2902 ab
319 2853 336 2901 i.
355 2853 491 2916 Propterea
506 2854 590 2902 minus
606 2855 648 2903 hic
663 2869 704 2903 cu·
749 2872 897 2923 paucorum,
922 2855 1083 2912 intimorum,
1108 2853 1135 2900 in
1152 2865 1180 2901 re
1195 2852 1241 2900 tali
1257 2852 1298 2900 ad·

151 2934 233 2984 reuda
256 2933 364 2982 arbitror
389 2933 462 2992 Mss„
484 2950 561 2998 quam
576 2936 638 2999 quid
653 2949 704 2986 me·
748 2940 888 2987 hibebatur.
916 2935 997 2984 Tacit.
1021 2933 1117 2982 Annei.
1135 2933 1185 2981 IV.
1203 2937 1228 2981 3.
1246 2929 1298 2980 Eu·

151 3016 201 3064 lius
227 3014 321 3063 Latino
345 3016 454 3063 sermoni
470 3016 604 3066 convenire
620 3017 703 3066 ridea-
749 3019 845 3078 demus,
862 3016 955 3064 emicas
973 3029 1003 3062 ac
1019 3010 1298 3076 medicuslrica'ae,spa·

152 3103 201 3145 tur.
228 3094 374 3158 Cogitemus
402 3110 427 3144 v.
451 3109 473 3145 c.
499 3102 583 3144 utrum
600 3098 626 3146 in
643 3104 703 3146 noto
749 3099 786 3148 cie
811 3097 877 3146 artis
895 3098 1021 3162 fiequms
1046 3093 1153 3142 semotis.
1172 3092 1241 3142 XIL'
1256 3095 1297 3141 et.

152 3177 197 3226 illo
229 3177 328 3225 Lucani
353 3189 427 3225 versu
453 3177 484 3226 de
510 3176 628 3227 Caesare:
654 3176 705 3228 Nil
749 3177 882 3228 Provisum
899 3177 947 3226 ium
964 3175 1011 3224 ribi
1027 3172 1198 3238 Xenophontis
1211 3170 1299 3222 medici

153 3255 254 3306 medens
288 3264 369 3305 actum
402 3271 454 3306 cum
487 3256 549 3320 quid
572 3267 704 3323 superaret
750 3235 927 3310 eminentior?
950 3256 1058 3306 adlisos.
1085 3256 1143 3304 Lir.
1170 3253 1230 3303 XL.
1256 3257 1297 3302 60.

153 3337 284 3402 ependum,
310 3351 343 3386 an
366 3337 418 3386 acti
434 3336 547 3400 medens,
564 3339 702 3403 praefereu·
750 3338 866 3390 Medicus
880 3335 1083 3401 Callipenes,qua'
1095 3335 1218 3384 curationi
1222 3348 1298 3398 prce·

153 3421 214 3468 dum
230 3419 270 3467 sit.
288 3417 405 3468 Fortasse
422 3419 458 3467 sic
474 3420 703 3484 stetuipotestaubi
749 3428 817 3479 erat,
842 3435 888 3468 con
913 3425 1058 3482 exspectato
1082 3423 1158 3464 morte
1182 3415 1264 3478 repis,
1281 3430 1298 3462 a

153 3501 292 3550 infinitivus
316 3515 374 3548 cunr
399 3500 539 3548 accusativo
554 3501 702 3564 requiritur,
745 3495 1298 3567 primisdesperationienotis,cuntioaprae·

153 3597 206 3632 non
231 3587 268 3631 est
292 3581 362 3630 locus
379 3581 498 3643 genitivo.
517 3580 610 3630 Caesar
625 3581 703 3630 credit
749 3581 896 3647 dispositos,
913 3580 951 3628 ita
967 3587 995 3628 ut
1011 3587 1167 3637 convenerat,
1184 3577 1250 3627 misit
1264 3575 1300 3625 od

152 3663 215 3714 attat
231 3671 395 3721 commosse,
414 3675 441 3710 se
458 3661 703 3724 antegressum.
750 3661 877 3712 Perseum.
913 3660 988 3710 Tales
1005 3673 1058 3710 esso
1082 3665 1178 3723 oportet
1194 3659 1298 3708 intimos.

155 3744 250 3793 XXII.
269 3746 310 3792 37.
330 3742 409 3798 Quem
425 3741 564 3791 mandatum
572 3741 620 3790 sibi
628 3740 704 3790 deltis
749 3744 910 3794 Domitianus
925 3755 969 3806 por
982 3756 1024 3792 eos
1042 3741 1202 3804 Agricolam,
1217 3741 1298 3790 sinon

154 3823 292 3873 censuerim
315 3832 433 3888 reparent
450 3822 589 3887 quidpiam.
609 3821 706 3873 Seneca
751 3832 788 3874 sat
813 3826 862 3874 cito
886 3829 1037 3882 moreretur,
1061 3823 1102 3872 vel
1123 3818 1297 3878 maturasset,

154 3907 246 3955 Medea
272 3910 329 3954 993.
352 3903 402 3953 Nil
426 3903 506 3952 arthur
523 3906 625 3970 sactum
639 3919 704 3952 reor.
750 3921 782 3955 ne
790 3906 982 3962 convalesceret,
990 3903 1101 3952 occidere
1109 3907 1212 3964 poterat.
1223 3900 1299 3960 Quod

154 3986 266 4036 Gronov.
292 3986 318 4034 in
344 3991 449 4048 unoque
474 3987 591 4049 exemplo
616 3985 705 4048 geniti·
750 4001 826 4050 saepo
849 3986 951 4043 accidit,
968 3999 994 4032 v.
1003 3999 1025 4033 c.
1041 3997 1119 4047 quum
1127 3981 1263 4045 Dionysius
1271 3981 1298 4028 fl·

153 4084 213 4118 rum
230 4069 360 4132 praetulit,
378 4073 403 4117 et
419 4072 546 4130 comparat
564 4064 639 4117 Ouid.
652 4065 704 4114 He·
749 4068 798 4116 lius
814 4081 859 4131 per
872 4067 983 4116 medicos
998 4064 1063 4129 patri
1084 4076 1199 4126 soporem
1215 4063 1298 4122 dedit,

154 4151 216 4198 roid.
236 4147 314 4198 XIV.
333 4153 378 4208 82,
397 4147 508 4211 queritur
519 4145 593 4211 facti
606 4146 704 4210 sangui·
750 4149 817 4211 apud
832 4148 956 4212 Nepotem
973 4147 1000 4195 in
1019 4147 1083 4195 Vite
1099 4144 1191 4193 Dionis
1207 4158 1230 4192 c.
1249 4149 1273 4191 2.

154 4231 192 4279 nis
213 4245 267 4278 ease
280 4245 379 4293 parum.
399 4229 501 4278 Talium
518 4228 691 4291 exemplorum
696 4263 704 4287 ,
783 4227 838 4276 Per
855 4227 989 4292 dispositos
1002 4221 1299 4275 cursoresnantiatacon·

154 4310 269 4360 ediectivi
302 4324 360 4358 cum
391 4309 546 4359 substantivo
577 4308 704 4358 coniuncti
750 4309 840 4357 studet.
866 4309 899 4358 In
926 4308 988 4357 Mss.
1014 4305 1163 4355 constabant.
1182 4304 1299 4356 Correxit

153 4405 204 4442 non
222 4392 309 4440 eedem
325 4397 362 4440 est
378 4391 448 4440 ratio.
751 4390 895 4440 Rhenanus.
923 4389 952 4438 Si
979 4387 1106 4437 constabat
1121 4388 1229 4447 deesset,
1247 4401 1299 4436 non

189 4469 231 4520 Ec
258 4487 322 4522 more
345 4472 519 4538 principatus,
542 4469 704 4536 pernumiae
741 4471 937 4548 'desiderarem
952 4470 1023 4537 Quid
1036 4483 1099 4534 opus
1116 4475 1169 4520 erat
1185 4468 1220 4519 eie
1237 4469 1300 4517 affir-
