<?xml version="1.0" encoding="UTF-8"?>
<!DOCTYPE html PUBLIC "-//W3C//DTD XHTML 1.0 Transitional//EN"
    "http://www.w3.org/TR/xhtml1/DTD/xhtml1-transitional.dtd">
<html xmlns="http://www.w3.org/1999/xhtml" xml:lang="en" lang="en">
 <head>
  <title>
</title>
<meta http-equiv="Content-Type" content="text/html;charset=utf-8" />
  <meta name='ocr-system' content='tesseract 3.04.00' />
  <meta name='ocr-capabilities' content='ocr_page ocr_carea ocr_par ocr_line ocrx_word'/>
</head>
<body>
  <div class='ocr_page' id='page_1' title='image "./ccorneliitaciti09tacigoog/ccorneliitaciti09tacigoog_0165.png"; bbox 0 0 3074 5310; ppageno 0'>
   <div class='ocr_carea' id='block_1_1' title="bbox 239 502 952 565">
    <p class='ocr_par' dir='ltr' id='par_1_1' title="bbox 239 502 952 565">
     <span class='ocr_line' id='line_1_1' title="bbox 239 502 952 565; baseline -0.008 -1"><span class='ocrx_word' id='word_1_1' title='bbox 239 502 300 565; x_wconf 79' lang='lat'><strong>152</strong></span> <span class='ocrx_word' id='word_1_2' title='bbox 663 511 815 560; x_wconf 82' lang='lat' dir='ltr'><strong>conrran</strong></span> <span class='ocrx_word' id='word_1_3' title='bbox 840 511 952 559; x_wconf 81' lang='lat' dir='ltr'><strong>rtarrr</strong></span> 
     </span>
    </p>
   </div>
   <div class='ocr_carea' id='block_1_2' title="bbox 236 678 1389 1170">
    <p class='ocr_par' dir='ltr' id='par_1_2' title="bbox 236 678 1389 1170">
     <span class='ocr_line' id='line_1_2' title="bbox 236 678 1385 769; baseline 0.002 -21"><span class='ocrx_word' id='word_1_4' title='bbox 236 685 316 749; x_wconf 88' lang='lat' dir='ltr'><strong>riam</strong></span> <span class='ocrx_word' id='word_1_5' title='bbox 350 684 497 748; x_wconf 82' lang='lat' dir='ltr'><strong>virtutem</strong></span> <span class='ocrx_word' id='word_1_6' title='bbox 537 701 615 748; x_wconf 91' lang='lat' dir='ltr'><strong>esse.</strong></span> <span class='ocrx_word' id='word_1_7' title='bbox 661 678 789 746; x_wconf 83' lang='lat' dir='ltr'><strong>Talibus</strong></span> <span class='ocrx_word' id='word_1_8' title='bbox 819 679 902 743; x_wconf 91' lang='lat' dir='ltr'><strong>curis</strong></span> <span class='ocrx_word' id='word_1_9' title='bbox 934 679 1107 758; x_wconf 85' lang='lat' dir='ltr'><strong>exercitus,</strong></span> <span class='ocrx_word' id='word_1_10' title='bbox 1133 679 1283 769; x_wconf 90' lang='lat' dir='ltr'><strong>quodque</strong></span> <span class='ocrx_word' id='word_1_11' title='bbox 1305 705 1385 750; x_wconf 87' lang='lat' dir='ltr'><strong>sae·</strong></span> 
     </span>
     <span class='ocr_line' id='line_1_3' title="bbox 236 783 1385 876; baseline 0.002 -26"><span class='ocrx_word' id='word_1_12' title='bbox 236 810 294 853; x_wconf 84' lang='lat' dir='ltr'><strong>vae</strong></span> <span class='ocrx_word' id='word_1_13' title='bbox 317 786 514 876; x_wconf 81' lang='lat' dir='ltr'><strong>cogitationis</strong></span> <span class='ocrx_word' id='word_1_14' title='bbox 537 783 692 850; x_wconf 90' lang='lat' dir='ltr'><strong>indicium</strong></span> <span class='ocrx_word' id='word_1_15' title='bbox 715 795 800 860; x_wconf 87' lang='lat' dir='ltr'><strong>erat,</strong></span> <span class='ocrx_word' id='word_1_16' title='bbox 824 795 943 849; x_wconf 89' lang='lat' dir='ltr'><strong>secreto</strong></span> <span class='ocrx_word' id='word_1_17' title='bbox 968 805 1023 848; x_wconf 90' lang='lat' dir='ltr'><strong>suo</strong></span> <span class='ocrx_word' id='word_1_18' title='bbox 1044 785 1196 863; x_wconf 88' lang='lat' dir='ltr'><strong>satiatus,</strong></span> <span class='ocrx_word' id='word_1_19' title='bbox 1221 787 1385 875; x_wconf 89' lang='lat' dir='ltr'><strong>optimum</strong></span> 
     </span>
     <span class='ocr_line' id='line_1_4' title="bbox 237 887 1388 982; baseline 0.002 -26"><span class='ocrx_word' id='word_1_20' title='bbox 237 893 271 958; x_wconf 93' lang='lat' dir='ltr'><strong>in</strong></span> <span class='ocrx_word' id='word_1_21' title='bbox 305 891 481 982; x_wconf 88' lang='lat' dir='ltr'><strong>praesentia</strong></span> <span class='ocrx_word' id='word_1_22' title='bbox 516 890 625 955; x_wconf 80' lang='lat' dir='ltr'><strong>statuit</strong></span> <span class='ocrx_word' id='word_1_23' title='bbox 640 949 644 956; x_wconf 87' lang='lat'><strong>.</strong></span> <span class='ocrx_word' id='word_1_24' title='bbox 660 910 811 977; x_wconf 84' lang='lat' dir='ltr'><strong>reponere</strong></span> <span class='ocrx_word' id='word_1_25' title='bbox 841 887 966 964; x_wconf 88' lang='lat' dir='ltr'><strong>odium,</strong></span> <span class='ocrx_word' id='word_1_26' title='bbox 992 887 1093 954; x_wconf 90' lang='lat' dir='ltr'><strong>donec</strong></span> <span class='ocrx_word' id='word_1_27' title='bbox 1116 889 1252 978; x_wconf 90' lang='lat' dir='ltr'><strong>impetus</strong></span> <span class='ocrx_word' id='word_1_28' title='bbox 1276 891 1388 958; x_wconf 87' lang='lat' dir='ltr'><strong>famae</strong></span> 
     </span>
     <span class='ocr_line' id='line_1_5' title="bbox 237 993 1389 1084; baseline -0.002 -22"><span class='ocrx_word' id='word_1_29' title='bbox 237 1008 269 1062; x_wconf 89' lang='lat' dir='ltr'><strong>et</strong></span> <span class='ocrx_word' id='word_1_30' title='bbox 303 996 391 1064; x_wconf 80' lang='lat' dir='ltr'><strong>lavor</strong></span> <span class='ocrx_word' id='word_1_31' title='bbox 419 996 572 1062; x_wconf 83' lang='lat' dir='ltr'><strong>exercitus</strong></span> <span class='ocrx_word' id='word_1_32' title='bbox 595 995 825 1083; x_wconf 81' lang='lat' dir='ltr'><strong>languesceret.</strong></span> <span class='ocrx_word' id='word_1_33' title='bbox 851 993 933 1060; x_wconf 91' lang='lat' dir='ltr'><strong>Nam</strong></span> <span class='ocrx_word' id='word_1_34' title='bbox 957 994 1135 1059; x_wconf 84' lang='lat' dir='ltr'><strong>etiamtum</strong></span> <span class='ocrx_word' id='word_1_35' title='bbox 1148 995 1292 1084; x_wconf 76' lang='lat' dir='ltr'><strong>Agricola</strong></span> <span class='ocrx_word' id='word_1_36' title='bbox 1314 996 1389 1061; x_wconf 87' lang='lat' dir='ltr'><strong>Bri·</strong></span> 
     </span>
     <span class='ocr_line' id='line_1_6' title="bbox 238 1100 579 1170; baseline 0 -4"><span class='ocrx_word' id='word_1_37' title='bbox 238 1103 381 1170; x_wconf 88' lang='lat' dir='ltr'><strong>tanniam</strong></span> <span class='ocrx_word' id='word_1_38' title='bbox 404 1100 579 1168; x_wconf 83' lang='lat' dir='ltr'><strong>obtinebat.</strong></span> 
     </span>
    </p>
   </div>
   <div class='ocr_carea' id='block_1_3' title="bbox 236 1344 1394 4480">
    <p class='ocr_par' dir='ltr' id='par_1_3' title="bbox 236 1344 1391 3995">
     <span class='ocr_line' id='line_1_7' title="bbox 237 1344 1387 1412; baseline 0.002 -15"><span class='ocrx_word' id='word_1_39' title='bbox 237 1347 353 1412; x_wconf 76' lang='lat' dir='ltr'><strong>auspiciis</strong></span> <span class='ocrx_word' id='word_1_40' title='bbox 372 1346 458 1396; x_wconf 90' lang='lat' dir='ltr'><strong>omnia</strong></span> <span class='ocrx_word' id='word_1_41' title='bbox 473 1347 500 1396; x_wconf 89' lang='lat' dir='ltr'><strong>in</strong></span> <span class='ocrx_word' id='word_1_42' title='bbox 517 1345 584 1396; x_wconf 87' lang='lat' dir='ltr'><strong>bello</strong></span> <span class='ocrx_word' id='word_1_43' title='bbox 600 1350 734 1408; x_wconf 85' lang='lat' dir='ltr'><strong>geruntur,</strong></span> <span class='ocrx_word' id='word_1_44' title='bbox 751 1346 784 1394; x_wconf 87' lang='lat' dir='ltr'><strong>ad</strong></span> <span class='ocrx_word' id='word_1_45' title='bbox 830 1345 972 1409; x_wconf 78' lang='lat' dir='ltr'><strong>scriptores,</strong></span> <span class='ocrx_word' id='word_1_46' title='bbox 998 1344 1042 1408; x_wconf 89' lang='lat' dir='ltr'><strong>qui</strong></span> <span class='ocrx_word' id='word_1_47' title='bbox 1056 1345 1106 1393; x_wconf 90' lang='lat' dir='ltr'><strong>hoc</strong></span> <span class='ocrx_word' id='word_1_48' title='bbox 1120 1349 1244 1395; x_wconf 87' lang='lat' dir='ltr'><strong>secretum</strong></span> <span class='ocrx_word' id='word_1_49' title='bbox 1261 1347 1387 1410; x_wconf 76' lang='lat' dir='ltr'><strong>depinxe</strong></span> 
     </span>
     <span class='ocr_line' id='line_1_8' title="bbox 236 1425 1385 1493; baseline 0.003 -17"><span class='ocrx_word' id='word_1_50' title='bbox 236 1434 316 1493; x_wconf 85' lang='lat' dir='ltr'><strong>qnem&#39;</strong></span> <span class='ocrx_word' id='word_1_51' title='bbox 337 1428 418 1476; x_wconf 88' lang='lat' dir='ltr'><strong>omnis</strong></span> <span class='ocrx_word' id='word_1_52' title='bbox 438 1427 519 1476; x_wconf 86' lang='lat' dir='ltr'><strong>honos</strong></span> <span class='ocrx_word' id='word_1_53' title='bbox 535 1426 668 1486; x_wconf 83' lang='lat' dir='ltr'><strong>victoriae,</strong></span> <span class='ocrx_word' id='word_1_54' title='bbox 685 1441 701 1475; x_wconf 87' lang='lat' dir='ltr'><strong>a</strong></span> <span class='ocrx_word' id='word_1_55' title='bbox 717 1425 783 1474; x_wconf 89' lang='lat' dir='ltr'><strong>duci·</strong></span> <span class='ocrx_word' id='word_1_56' title='bbox 829 1433 888 1476; x_wconf 89' lang='lat' dir='ltr'><strong>runt</strong></span> <span class='ocrx_word' id='word_1_57' title='bbox 894 1448 900 1485; x_wconf 91' lang='lat'>;</span> <span class='ocrx_word' id='word_1_58' title='bbox 919 1426 1021 1476; x_wconf 86' lang='lat' dir='ltr'><strong>Tacitus</strong></span> <span class='ocrx_word' id='word_1_59' title='bbox 1039 1425 1137 1474; x_wconf 89' lang='lat' dir='ltr'><strong>Histor.</strong></span> <span class='ocrx_word' id='word_1_60' title='bbox 1155 1426 1205 1476; x_wconf 81' lang='lat' dir='ltr'><strong>tv.</strong></span> <span class='ocrx_word' id='word_1_61' title='bbox 1224 1432 1264 1478; x_wconf 83' lang='lat'><strong>86.</strong></span> <span class='ocrx_word' id='word_1_62' title='bbox 1274 1427 1385 1480; x_wconf 84' lang='lat' dir='ltr'><strong>Sueten.</strong></span> 
     </span>
     <span class='ocr_line' id='line_1_9' title="bbox 237 1506 1386 1572; baseline 0.001 -14"><span class='ocrx_word' id='word_1_63' title='bbox 237 1509 284 1558; x_wconf 91' lang='lat' dir='ltr'><strong>bus</strong></span> <span class='ocrx_word' id='word_1_64' title='bbox 307 1508 427 1571; x_wconf 83' lang='lat' dir='ltr'><strong>legatisve</strong></span> <span class='ocrx_word' id='word_1_65' title='bbox 450 1513 604 1571; x_wconf 78' lang='lat' dir='ltr'><strong>reportatae,</strong></span> <span class='ocrx_word' id='word_1_66' title='bbox 620 1507 691 1556; x_wconf 89' lang='lat' dir='ltr'><strong>redit.</strong></span> <span class='ocrx_word' id='word_1_67' title='bbox 725 1506 784 1555; x_wconf 89' lang='lat' dir='ltr'><strong>Hoc</strong></span> <span class='ocrx_word' id='word_1_68' title='bbox 829 1508 857 1556; x_wconf 93' lang='lat' dir='ltr'><strong>in</strong></span> <span class='ocrx_word' id='word_1_69' title='bbox 881 1507 975 1557; x_wconf 91' lang='lat' dir='ltr'><strong>Domit.</strong></span> <span class='ocrx_word' id='word_1_70' title='bbox 992 1515 1017 1558; x_wconf 83' lang='lat'><strong>3.</strong></span> <span class='ocrx_word' id='word_1_71' title='bbox 1033 1510 1101 1560; x_wconf 91' lang='lat' dir='ltr'><strong>Plin.</strong></span> <span class='ocrx_word' id='word_1_72' title='bbox 1119 1511 1249 1572; x_wconf 80' lang='lat' dir='ltr'><strong>Panegyr.</strong></span> <span class='ocrx_word' id='word_1_73' title='bbox 1268 1514 1309 1559; x_wconf 87' lang='grc'><strong>48.</strong></span> <span class='ocrx_word' id='word_1_74' title='bbox 1328 1509 1386 1560; x_wconf 90' lang='lat' dir='ltr'><strong>Dio</strong></span> 
     </span>
     <span class='ocr_line' id='line_1_10' title="bbox 237 1584 1387 1652; baseline 0.003 -15"><span class='ocrx_word' id='word_1_75' title='bbox 237 1589 340 1638; x_wconf 79' lang='lat' dir='ltr'><strong>discitur</strong></span> <span class='ocrx_word' id='word_1_76' title='bbox 355 1602 388 1637; x_wconf 87' lang='lat' dir='ltr'><strong>ex</strong></span> <span class='ocrx_word' id='word_1_77' title='bbox 403 1588 491 1637; x_wconf 87' lang='lat' dir='ltr'><strong>Tacito</strong></span> <span class='ocrx_word' id='word_1_78' title='bbox 508 1587 604 1636; x_wconf 81' lang='lat' dir='ltr'><strong>Annal.</strong></span> <span class='ocrx_word' id='word_1_79' title='bbox 621 1587 659 1635; x_wconf 91' lang='lat'><strong>11.</strong></span> <span class='ocrx_word' id='word_1_80' title='bbox 676 1591 715 1636; x_wconf 86' lang='lat' dir='ltr'><strong>ts.</strong></span> <span class='ocrx_word' id='word_1_81' title='bbox 733 1584 785 1636; x_wconf 91' lang='lat' dir='ltr'><strong>Mi·</strong></span> <span class='ocrx_word' id='word_1_82' title='bbox 831 1589 900 1638; x_wconf 87' lang='lat' dir='ltr'><strong>Cass.</strong></span> <span class='ocrx_word' id='word_1_83' title='bbox 926 1589 1031 1639; x_wconf 90' lang='lat' dir='ltr'><strong>LXVI.</strong></span> <span class='ocrx_word' id='word_1_84' title='bbox 1055 1596 1079 1640; x_wconf 88' lang='grc'><strong>9.</strong></span> <span class='ocrx_word' id='word_1_85' title='bbox 1121 1591 1205 1640; x_wconf 84' lang='lat' dir='ltr'><strong>Nemo</strong></span> <span class='ocrx_word' id='word_1_86' title='bbox 1231 1590 1387 1652; x_wconf 82' lang='lat' dir='ltr'><strong>explicavit,</strong></span> 
     </span>
     <span class='ocr_line' id='line_1_11' title="bbox 238 1663 1386 1735; baseline 0.003 -18"><span class='ocrx_word' id='word_1_87' title='bbox 238 1668 274 1718; x_wconf 91' lang='lat' dir='ltr'><strong>les</strong></span> <span class='ocrx_word' id='word_1_88' title='bbox 295 1668 321 1717; x_wconf 86' lang='lat' dir='ltr'><strong>in</strong></span> <span class='ocrx_word' id='word_1_89' title='bbox 345 1667 396 1718; x_wconf 88' lang='lat' dir='ltr'><strong>loco</strong></span> <span class='ocrx_word' id='word_1_90' title='bbox 418 1667 513 1735; x_wconf 88' lang='lat' dir='ltr'><strong>proelii</strong></span> <span class='ocrx_word' id='word_1_91' title='bbox 532 1664 656 1716; x_wconf 84' lang='lat' dir='ltr'><strong>Tiberium</strong></span> <span class='ocrx_word' id='word_1_92' title='bbox 673 1663 784 1732; x_wconf 88' lang='lat' dir='ltr'><strong>Impera·</strong></span> <span class='ocrx_word' id='word_1_93' title='bbox 830 1669 891 1732; x_wconf 91' lang='lat' dir='ltr'><strong>quid</strong></span> <span class='ocrx_word' id='word_1_94' title='bbox 906 1669 1015 1719; x_wconf 88' lang='lat' dir='ltr'><strong>satiatus</strong></span> <span class='ocrx_word' id='word_1_95' title='bbox 1032 1671 1191 1734; x_wconf 82' lang='lat' dir='ltr'><strong>significaret.</strong></span> <span class='ocrx_word' id='word_1_96' title='bbox 1210 1669 1263 1731; x_wconf 82' lang='lat' dir='ltr'><strong>Qui</strong></span> <span class='ocrx_word' id='word_1_97' title='bbox 1270 1671 1386 1720; x_wconf 84' lang='lat' dir='ltr'><strong>satiatus</strong></span> 
     </span>
     <span class='ocr_line' id='line_1_12' title="bbox 239 1747 1387 1816; baseline 0.003 -18"><span class='ocrx_word' id='word_1_98' title='bbox 239 1758 314 1800; x_wconf 88' lang='lat' dir='ltr'><strong>torem</strong></span> <span class='ocrx_word' id='word_1_99' title='bbox 345 1748 479 1809; x_wconf 89' lang='lat' dir='ltr'><strong>salutauit,</strong></span> <span class='ocrx_word' id='word_1_100' title='bbox 508 1747 649 1811; x_wconf 77' lang='lat' dir='ltr'><strong>struxitque</strong></span> <span class='ocrx_word' id='word_1_101' title='bbox 673 1761 785 1811; x_wconf 78' lang='lat' dir='ltr'><strong>apperem</strong></span> <span class='ocrx_word' id='word_1_102' title='bbox 831 1756 868 1799; x_wconf 90' lang='lat' dir='ltr'><strong>est</strong></span> <span class='ocrx_word' id='word_1_103' title='bbox 892 1750 976 1816; x_wconf 89' lang='lat' dir='ltr'><strong>aliqua</strong></span> <span class='ocrx_word' id='word_1_104' title='bbox 999 1765 1040 1810; x_wconf 89' lang='lat' dir='ltr'><strong>re,</strong></span> <span class='ocrx_word' id='word_1_105' title='bbox 1061 1752 1130 1810; x_wconf 91' lang='lat' dir='ltr'><strong>loco,</strong></span> <span class='ocrx_word' id='word_1_106' title='bbox 1152 1752 1196 1800; x_wconf 89' lang='lat' dir='ltr'><strong>iile</strong></span> <span class='ocrx_word' id='word_1_107' title='bbox 1212 1765 1281 1810; x_wconf 85' lang='lat' dir='ltr'><strong>rem,</strong></span> <span class='ocrx_word' id='word_1_108' title='bbox 1296 1751 1387 1802; x_wconf 87' lang='lat' dir='ltr'><strong>locum</strong></span> 
     </span>
     <span class='ocr_line' id='line_1_13' title="bbox 239 1827 1386 1896; baseline -0.001 -15"><span class='ocrx_word' id='word_1_109' title='bbox 239 1845 277 1896; x_wconf 81' lang='lat' dir='ltr'><strong>sq.</strong></span> <span class='ocrx_word' id='word_1_110' title='bbox 302 1835 327 1881; x_wconf 93' lang='lat' dir='ltr'><strong>et</strong></span> <span class='ocrx_word' id='word_1_111' title='bbox 351 1835 401 1891; x_wconf 76' lang='lat'><strong>22,</strong></span> <span class='ocrx_word' id='word_1_112' title='bbox 426 1828 602 1888; x_wconf 87' lang='lat' dir='ltr'><strong>Germanicus,</strong></span> <span class='ocrx_word' id='word_1_113' title='bbox 618 1827 725 1876; x_wconf 87' lang='lat' dir='ltr'><strong>laudatis</strong></span> <span class='ocrx_word' id='word_1_114' title='bbox 740 1843 786 1890; x_wconf 90' lang='lat' dir='ltr'><strong>pro</strong></span> <span class='ocrx_word' id='word_1_115' title='bbox 831 1829 938 1888; x_wconf 74' lang='lat' dir='ltr'><strong>fastidit,</strong></span> <span class='ocrx_word' id='word_1_116' title='bbox 963 1831 1082 1894; x_wconf 83' lang='lat' dir='ltr'><strong>negligit,</strong></span> <span class='ocrx_word' id='word_1_117' title='bbox 1100 1832 1226 1895; x_wconf 88' lang='lat' dir='ltr'><strong>relinquit.</strong></span> <span class='ocrx_word' id='word_1_118' title='bbox 1252 1833 1321 1894; x_wconf 80' lang='lat' dir='ltr'><strong>Ergo</strong></span> <span class='ocrx_word' id='word_1_119' title='bbox 1340 1848 1386 1896; x_wconf 86' lang='lat' dir='ltr'><strong>ap·</strong></span> 
     </span>
     <span class='ocr_line' id='line_1_14' title="bbox 238 1909 1386 1976; baseline 0.002 -16"><span class='ocrx_word' id='word_1_120' title='bbox 238 1911 360 1962; x_wconf 87' lang='lat' dir='ltr'><strong>concione</strong></span> <span class='ocrx_word' id='word_1_121' title='bbox 383 1911 531 1970; x_wconf 83' lang='lat' dir='ltr'><strong>victoribus,</strong></span> <span class='ocrx_word' id='word_1_122' title='bbox 548 1909 690 1972; x_wconf 83' lang='lat' dir='ltr'><strong>congeriem</strong></span> <span class='ocrx_word' id='word_1_123' title='bbox 707 1921 786 1957; x_wconf 90' lang='lat' dir='ltr'><strong>armo·</strong></span> <span class='ocrx_word' id='word_1_124' title='bbox 831 1911 933 1973; x_wconf 88' lang='lat' dir='ltr'><strong>parebat</strong></span> <span class='ocrx_word' id='word_1_125' title='bbox 956 1910 1131 1960; x_wconf 88' lang='lat' dir='ltr'><strong>Domitianum</strong></span> <span class='ocrx_word' id='word_1_126' title='bbox 1156 1927 1231 1961; x_wconf 87' lang='lat' dir='ltr'><strong>saeua</strong></span> <span class='ocrx_word' id='word_1_127' title='bbox 1255 1913 1386 1976; x_wconf 83' lang='lat' dir='ltr'><strong>copitarc,</strong></span> 
     </span>
     <span class='ocr_line' id='line_1_15' title="bbox 239 1986 1387 2056; baseline 0.002 -14"><span class='ocrx_word' id='word_1_128' title='bbox 239 2007 297 2042; x_wconf 85' lang='lat' dir='ltr'><strong>rum</strong></span> <span class='ocrx_word' id='word_1_129' title='bbox 323 1993 427 2051; x_wconf 86' lang='lat' dir='ltr'><strong>struxit,</strong></span> <span class='ocrx_word' id='word_1_130' title='bbox 446 1991 552 2054; x_wconf 88' lang='lat' dir='ltr'><strong>superbo</strong></span> <span class='ocrx_word' id='word_1_131' title='bbox 568 2005 625 2040; x_wconf 91' lang='lat' dir='ltr'><strong>cum</strong></span> <span class='ocrx_word' id='word_1_132' title='bbox 642 1989 728 2039; x_wconf 87' lang='lat' dir='ltr'><strong>titulo:</strong></span> <span class='ocrx_word' id='word_1_133' title='bbox 747 1986 786 2036; x_wconf 87' lang='lat' dir='ltr'><strong>de·</strong></span> <span class='ocrx_word' id='word_1_134' title='bbox 831 1990 890 2053; x_wconf 92' lang='lat' dir='ltr'><strong>quia</strong></span> <span class='ocrx_word' id='word_1_135' title='bbox 913 1989 1048 2056; x_wconf 86' lang='lat' dir='ltr'><strong>reliquerat</strong></span> <span class='ocrx_word' id='word_1_136' title='bbox 1065 1999 1188 2042; x_wconf 90' lang='lat' dir='ltr'><strong>secretum</strong></span> <span class='ocrx_word' id='word_1_137' title='bbox 1204 2007 1286 2044; x_wconf 89' lang='lat' dir='ltr'><strong>suum.</strong></span> <span class='ocrx_word' id='word_1_138' title='bbox 1330 1993 1387 2044; x_wconf 85' lang='lat' dir='ltr'><strong>Sed</strong></span> 
     </span>
     <span class='ocr_line' id='line_1_16' title="bbox 240 2067 1388 2137; baseline 0.005 -15"><span class='ocrx_word' id='word_1_139' title='bbox 240 2073 338 2123; x_wconf 87' lang='lat' dir='ltr'><strong>bellatis</strong></span> <span class='ocrx_word' id='word_1_140' title='bbox 354 2074 419 2122; x_wconf 87' lang='lat' dir='ltr'><strong>inter</strong></span> <span class='ocrx_word' id='word_1_141' title='bbox 435 2071 547 2122; x_wconf 85' lang='lat' dir='ltr'><strong>Rhenum</strong></span> <span class='ocrx_word' id='word_1_142' title='bbox 562 2067 692 2133; x_wconf 82' lang='lat' dir='ltr'><strong>Albimque</strong></span> <span class='ocrx_word' id='word_1_143' title='bbox 709 2068 786 2117; x_wconf 90' lang='lat' dir='ltr'><strong>natio·</strong></span> <span class='ocrx_word' id='word_1_144' title='bbox 831 2073 959 2135; x_wconf 90' lang='lat' dir='ltr'><strong>proprium</strong></span> <span class='ocrx_word' id='word_1_145' title='bbox 984 2079 1021 2122; x_wconf 85' lang='lat' dir='ltr'><strong>est</strong></span> <span class='ocrx_word' id='word_1_146' title='bbox 1042 2073 1145 2136; x_wconf 83' lang='lat' dir='ltr'><strong>ingenio</strong></span> <span class='ocrx_word' id='word_1_147' title='bbox 1166 2075 1303 2137; x_wconf 85' lang='lat' dir='ltr'><strong>suspicaci,</strong></span> <span class='ocrx_word' id='word_1_148' title='bbox 1320 2076 1388 2128; x_wconf 79' lang='lat' dir='ltr'><strong>falso</strong></span> 
     </span>
     <span class='ocr_line' id='line_1_17' title="bbox 241 2147 1389 2213; baseline 0.004 -11"><span class='ocrx_word' id='word_1_149' title='bbox 241 2155 311 2204; x_wconf 89' lang='lat' dir='ltr'><strong>nibus</strong></span> <span class='ocrx_word' id='word_1_150' title='bbox 340 2153 471 2202; x_wconf 71' lang='lat' dir='ltr'><strong>causitum</strong></span> <span class='ocrx_word' id='word_1_151' title='bbox 499 2149 595 2200; x_wconf 86' lang='lat' dir='ltr'><strong>Tiberii</strong></span> <span class='ocrx_word' id='word_1_152' title='bbox 624 2147 740 2199; x_wconf 81' lang='lat' dir='ltr'><strong>Caesaris</strong></span> <span class='ocrx_word' id='word_1_153' title='bbox 757 2163 787 2196; x_wconf 89' lang='lat' dir='ltr'><strong>ea</strong></span> <span class='ocrx_word' id='word_1_154' title='bbox 833 2157 858 2200; x_wconf 87' lang='lat' dir='ltr'><strong>et</strong></span> <span class='ocrx_word' id='word_1_155' title='bbox 880 2153 990 2210; x_wconf 89' lang='lat' dir='ltr'><strong>crudeli,</strong></span> <span class='ocrx_word' id='word_1_156' title='bbox 1006 2158 1049 2213; x_wconf 89' lang='lat' dir='ltr'><strong>nt,</strong></span> <span class='ocrx_word' id='word_1_157' title='bbox 1067 2153 1163 2203; x_wconf 88' lang='lat' dir='ltr'><strong>invidia</strong></span> <span class='ocrx_word' id='word_1_158' title='bbox 1180 2161 1205 2203; x_wconf 88' lang='lat' dir='ltr'><strong>et</strong></span> <span class='ocrx_word' id='word_1_159' title='bbox 1221 2157 1279 2204; x_wconf 87' lang='lat' dir='ltr'><strong>odio</strong></span> <span class='ocrx_word' id='word_1_160' title='bbox 1297 2158 1389 2207; x_wconf 88' lang='lat' dir='ltr'><strong>arden·</strong></span> 
     </span>
     <span class='ocr_line' id='line_1_18' title="bbox 241 2226 1390 2300; baseline 0.005 -18"><span class='ocrx_word' id='word_1_161' title='bbox 241 2241 392 2282; x_wconf 84' lang='lat' dir='ltr'><strong>ntonnmenta</strong></span> <span class='ocrx_word' id='word_1_162' title='bbox 413 2231 498 2281; x_wconf 86' lang='lat' dir='ltr'><strong>Marti</strong></span> <span class='ocrx_word' id='word_1_163' title='bbox 514 2238 538 2279; x_wconf 89' lang='lat' dir='ltr'><strong>et</strong></span> <span class='ocrx_word' id='word_1_164' title='bbox 554 2228 617 2278; x_wconf 83' lang='lat' dir='ltr'><strong>Jorr&#39;</strong></span> <span class='ocrx_word' id='word_1_165' title='bbox 633 2237 658 2278; x_wconf 91' lang='lat' dir='ltr'><strong>et</strong></span> <span class='ocrx_word' id='word_1_166' title='bbox 674 2226 787 2292; x_wconf 81' lang='lat' dir='ltr'><strong>Anqusto</strong></span> <span class='ocrx_word' id='word_1_167' title='bbox 833 2236 884 2290; x_wconf 86' lang='lat' dir='ltr'><strong>tes,</strong></span> <span class='ocrx_word' id='word_1_168' title='bbox 910 2240 1004 2283; x_wconf 86' lang='lat' dir='ltr'><strong>secreto</strong></span> <span class='ocrx_word' id='word_1_169' title='bbox 1029 2249 1055 2282; x_wconf 89' lang='lat' dir='ltr'><strong>se</strong></span> <span class='ocrx_word' id='word_1_170' title='bbox 1081 2235 1188 2294; x_wconf 88' lang='lat' dir='ltr'><strong>abdant,</strong></span> <span class='ocrx_word' id='word_1_171' title='bbox 1211 2237 1295 2300; x_wconf 88' lang='lat' dir='ltr'><strong>ibique</strong></span> <span class='ocrx_word' id='word_1_172' title='bbox 1312 2253 1390 2288; x_wconf 77' lang='lat' dir='ltr'><strong>saeva</strong></span> 
     </span>
     <span class='ocr_line' id='line_1_19' title="bbox 241 2308 1389 2369; baseline 0.004 -6"><span class='ocrx_word' id='word_1_173' title='bbox 241 2313 396 2364; x_wconf 87' lang='lat' dir='ltr'><strong>sacravisse:</strong></span> <span class='ocrx_word' id='word_1_174' title='bbox 413 2311 443 2361; x_wconf 86' lang='lat' dir='ltr'><strong>de</strong></span> <span class='ocrx_word' id='word_1_175' title='bbox 459 2327 485 2361; x_wconf 90' lang='lat' dir='ltr'><strong>se</strong></span> <span class='ocrx_word' id='word_1_176' title='bbox 502 2310 565 2360; x_wconf 83' lang='lat' dir='ltr'><strong>nibil</strong></span> <span class='ocrx_word' id='word_1_177' title='bbox 580 2309 665 2369; x_wconf 85' lang='lat' dir='ltr'><strong>addit,</strong></span> <span class='ocrx_word' id='word_1_178' title='bbox 682 2317 745 2358; x_wconf 86' lang='lat' dir='ltr'><strong>metu</strong></span> <span class='ocrx_word' id='word_1_179' title='bbox 753 2308 788 2356; x_wconf 89' lang='lat' dir='ltr'><strong>a&#39;n·</strong></span> <span class='ocrx_word' id='word_1_180' title='bbox 833 2313 992 2362; x_wconf 88' lang='lat' dir='ltr'><strong>meditentur.</strong></span> <span class='ocrx_word' id='word_1_181' title='bbox 1018 2313 1076 2362; x_wconf 88' lang='lat' dir='ltr'><strong>Hoc</strong></span> <span class='ocrx_word' id='word_1_182' title='bbox 1103 2315 1171 2364; x_wconf 90' lang='lat' dir='ltr'><strong>idem</strong></span> <span class='ocrx_word' id='word_1_183' title='bbox 1195 2315 1282 2366; x_wconf 82' lang='lat' dir='ltr'><strong>iecisse</strong></span> <span class='ocrx_word' id='word_1_184' title='bbox 1297 2317 1389 2369; x_wconf 90' lang='lat' dir='ltr'><strong>Domi-</strong></span> 
     </span>
     <span class='ocr_line' id='line_1_20' title="bbox 241 2384 1385 2457; baseline 0.003 -13"><span class='ocrx_word' id='word_1_185' title='bbox 241 2395 338 2455; x_wconf 86' lang='lat' dir='ltr'><strong>uidiae,</strong></span> <span class='ocrx_word' id='word_1_186' title='bbox 363 2410 395 2443; x_wconf 93' lang='lat' dir='ltr'><strong>un</strong></span> <span class='ocrx_word' id='word_1_187' title='bbox 420 2402 504 2453; x_wconf 88' lang='lat' dir='ltr'><strong>ratus,</strong></span> <span class='ocrx_word' id='word_1_188' title='bbox 530 2384 699 2440; x_wconf 77' lang='lat' dir='ltr'><strong>cometenitan</strong></span> <span class='ocrx_word' id='word_1_189' title='bbox 715 2390 789 2455; x_wconf 86' lang='lat' dir='ltr'><strong>facti</strong></span> <span class='ocrx_word' id='word_1_190' title='bbox 834 2395 931 2442; x_wconf 89' lang='lat' dir='ltr'><strong>tianum</strong></span> <span class='ocrx_word' id='word_1_191' title='bbox 956 2409 989 2444; x_wconf 85' lang='lat' dir='ltr'><strong>ex</strong></span> <span class='ocrx_word' id='word_1_192' title='bbox 1011 2395 1170 2457; x_wconf 86' lang='lat' dir='ltr'><strong>scriptoribus</strong></span> <span class='ocrx_word' id='word_1_193' title='bbox 1186 2397 1293 2446; x_wconf 82' lang='lat' dir='ltr'><strong>laudatis</strong></span> <span class='ocrx_word' id='word_1_194' title='bbox 1309 2400 1385 2448; x_wconf 89' lang='lat' dir='ltr'><strong>effici·</strong></span> 
     </span>
     <span class='ocr_line' id='line_1_21' title="bbox 243 2472 1387 2540; baseline 0.004 -16"><span class='ocrx_word' id='word_1_195' title='bbox 243 2476 307 2525; x_wconf 89' lang='lat' dir='ltr'><strong>satis</strong></span> <span class='ocrx_word' id='word_1_196' title='bbox 332 2490 392 2524; x_wconf 88' lang='lat' dir='ltr'><strong>esse.</strong></span> <span class='ocrx_word' id='word_1_197' title='bbox 410 2475 503 2524; x_wconf 89' lang='lat' dir='ltr'><strong>Libera</strong></span> <span class='ocrx_word' id='word_1_198' title='bbox 518 2473 645 2536; x_wconf 88' lang='lat' dir='ltr'><strong>republica</strong></span> <span class='ocrx_word' id='word_1_199' title='bbox 661 2473 715 2522; x_wconf 86' lang='lat' dir='ltr'><strong>dux</strong></span> <span class='ocrx_word' id='word_1_200' title='bbox 731 2487 789 2535; x_wconf 84' lang='lat' dir='ltr'><strong>gan-</strong></span> <span class='ocrx_word' id='word_1_201' title='bbox 835 2479 883 2524; x_wconf 89' lang='lat' dir='ltr'><strong>tur.</strong></span> <span class='ocrx_word' id='word_1_202' title='bbox 910 2473 1024 2524; x_wconf 86' lang='lat' dir='ltr'><strong>Tacitus:</strong></span> <span class='ocrx_word' id='word_1_203' title='bbox 1053 2472 1144 2540; x_wconf 82' lang='lat' dir='ltr'><strong>Sperni</strong></span> <span class='ocrx_word' id='word_1_204' title='bbox 1161 2491 1178 2524; x_wconf 90' lang='lat' dir='ltr'><strong>a</strong></span> <span class='ocrx_word' id='word_1_205' title='bbox 1196 2478 1330 2528; x_wconf 88' lang='lat' dir='ltr'><strong>senioribus</strong></span> <span class='ocrx_word' id='word_1_206' title='bbox 1347 2479 1387 2529; x_wconf 88' lang='lat' dir='ltr'><strong>iu-</strong></span> 
     </span>
     <span class='ocr_line' id='line_1_22' title="bbox 240 2553 1389 2623; baseline 0.004 -19"><span class='ocrx_word' id='word_1_207' title='bbox 240 2557 283 2604; x_wconf 90' lang='lat' dir='ltr'><strong>dio</strong></span> <span class='ocrx_word' id='word_1_208' title='bbox 300 2561 324 2605; x_wconf 90' lang='lat' dir='ltr'><strong>et</strong></span> <span class='ocrx_word' id='word_1_209' title='bbox 340 2556 435 2618; x_wconf 89' lang='lat' dir='ltr'><strong>impetu</strong></span> <span class='ocrx_word' id='word_1_210' title='bbox 450 2555 551 2604; x_wconf 86' lang='lat' dir='ltr'><strong>victoris</strong></span> <span class='ocrx_word' id='word_1_211' title='bbox 568 2555 692 2603; x_wconf 89' lang='lat' dir='ltr'><strong>exercitus</strong></span> <span class='ocrx_word' id='word_1_212' title='bbox 709 2553 790 2617; x_wconf 91' lang='lat' dir='ltr'><strong>Impe·</strong></span> <span class='ocrx_word' id='word_1_213' title='bbox 835 2561 954 2602; x_wconf 86' lang='lat' dir='ltr'><strong>ventutern</strong></span> <span class='ocrx_word' id='word_1_214' title='bbox 970 2571 1039 2604; x_wconf 88' lang='lat' dir='ltr'><strong>suum</strong></span> <span class='ocrx_word' id='word_1_215' title='bbox 1056 2571 1169 2616; x_wconf 88' lang='lat' dir='ltr'><strong>cernens,</strong></span> <span class='ocrx_word' id='word_1_216' title='bbox 1186 2557 1389 2623; x_wconf 86' lang='lat' dir='ltr'><strong>modicaquoque</strong></span> 
     </span>
     <span class='ocr_line' id='line_1_23' title="bbox 241 2634 1389 2702; baseline 0.004 -18"><span class='ocrx_word' id='word_1_217' title='bbox 241 2641 309 2684; x_wconf 86' lang='lat' dir='ltr'><strong>rator</strong></span> <span class='ocrx_word' id='word_1_218' title='bbox 325 2636 485 2684; x_wconf 83' lang='lat' dir='ltr'><strong>salutabatur.</strong></span> <span class='ocrx_word' id='word_1_219' title='bbox 504 2634 790 2700; x_wconf 81' lang='lat' dir='ltr'><strong>Augustusquibusdum</strong></span> <span class='ocrx_word' id='word_1_220' title='bbox 837 2642 861 2683; x_wconf 93' lang='lat' dir='ltr'><strong>et</strong></span> <span class='ocrx_word' id='word_1_221' title='bbox 878 2643 1001 2700; x_wconf 88' lang='lat' dir='ltr'><strong>usurpata</strong></span> <span class='ocrx_word' id='word_1_222' title='bbox 1017 2643 1091 2684; x_wconf 87' lang='lat' dir='ltr'><strong>antea</strong></span> <span class='ocrx_word' id='word_1_223' title='bbox 1108 2637 1191 2686; x_wconf 88' lang='lat' dir='ltr'><strong>munia</strong></span> <span class='ocrx_word' id='word_1_224' title='bbox 1205 2635 1311 2702; x_wconf 81' lang='lat' dir='ltr'><strong>Imperii</strong></span> <span class='ocrx_word' id='word_1_225' title='bbox 1318 2639 1389 2690; x_wconf 85' lang='lat' dir='ltr'><strong>omit·</strong></span> 
     </span>
     <span class='ocr_line' id='line_1_24' title="bbox 242 2715 1387 2781; baseline 0.001 -14"><span class='ocrx_word' id='word_1_226' title='bbox 242 2717 310 2767; x_wconf 87' lang='lat' dir='ltr'><strong>hunc</strong></span> <span class='ocrx_word' id='word_1_227' title='bbox 321 2717 422 2765; x_wconf 90' lang='lat' dir='ltr'><strong>titulum</strong></span> <span class='ocrx_word' id='word_1_228' title='bbox 430 2717 690 2777; x_wconf 88' lang='lat' dir='ltr'><strong>concessit,Tiberius</strong></span> <span class='ocrx_word' id='word_1_229' title='bbox 699 2716 790 2763; x_wconf 89' lang='lat' dir='ltr'><strong>Blaeso</strong></span> <span class='ocrx_word' id='word_1_230' title='bbox 837 2716 915 2764; x_wconf 87' lang='lat' dir='ltr'><strong>tebet:</strong></span> <span class='ocrx_word' id='word_1_231' title='bbox 940 2715 1112 2781; x_wconf 80' lang='lat' dir='ltr'><strong>simplicitatis</strong></span> <span class='ocrx_word' id='word_1_232' title='bbox 1127 2733 1158 2764; x_wconf 91' lang='lat' dir='ltr'><strong>ac</strong></span> <span class='ocrx_word' id='word_1_233' title='bbox 1176 2716 1309 2768; x_wconf 84' lang='lat' dir='ltr'><strong>modestiae</strong></span> <span class='ocrx_word' id='word_1_234' title='bbox 1327 2720 1387 2770; x_wconf 87' lang='lat' dir='ltr'><strong>ima-</strong></span> 
     </span>
     <span class='ocr_line' id='line_1_25' title="bbox 242 2795 1388 2863; baseline 0.003 -17"><span class='ocrx_word' id='word_1_235' title='bbox 242 2804 404 2863; x_wconf 89' lang='lat' dir='ltr'><strong>postremum.</strong></span> <span class='ocrx_word' id='word_1_236' title='bbox 413 2798 565 2862; x_wconf 85' lang='lat' dir='ltr'><strong>Interpretes</strong></span> <span class='ocrx_word' id='word_1_237' title='bbox 574 2799 649 2860; x_wconf 82' lang='lat' dir='ltr'><strong>vulgo</strong></span> <span class='ocrx_word' id='word_1_238' title='bbox 657 2796 789 2858; x_wconf 88' lang='lat' dir='ltr'><strong>accipiunt,</strong></span> <span class='ocrx_word' id='word_1_239' title='bbox 835 2795 891 2860; x_wconf 89' lang='lat' dir='ltr'><strong>qine</strong></span> <span class='ocrx_word' id='word_1_240' title='bbox 912 2797 938 2845; x_wconf 90' lang='lat' dir='ltr'><strong>in</strong></span> <span class='ocrx_word' id='word_1_241' title='bbox 953 2795 1108 2846; x_wconf 83' lang='lat' dir='ltr'><strong>solitudinem</strong></span> <span class='ocrx_word' id='word_1_242' title='bbox 1124 2797 1249 2856; x_wconf 79' lang='lat' dir='ltr'><strong>conditus,</strong></span> <span class='ocrx_word' id='word_1_243' title='bbox 1267 2799 1388 2850; x_wconf 84' lang='lat' dir='ltr'><strong>studium·</strong></span> 
     </span>
     <span class='ocr_line' id='line_1_26' title="bbox 242 2877 1389 2942; baseline 0.002 -14"><span class='ocrx_word' id='word_1_244' title='bbox 242 2885 272 2928; x_wconf 90' lang='lat' dir='ltr'><strong>ut</strong></span> <span class='ocrx_word' id='word_1_245' title='bbox 287 2878 442 2939; x_wconf 86' lang='lat' dir='ltr'><strong>etKritzius,</strong></span> <span class='ocrx_word' id='word_1_246' title='bbox 452 2877 790 2942; x_wconf 82' lang='lat' dir='ltr'><strong>rimperatoriamvirtutem,</strong></span> <span class='ocrx_word' id='word_1_247' title='bbox 837 2893 883 2941; x_wconf 90' lang='lat' dir='ltr'><strong>que</strong></span> <span class='ocrx_word' id='word_1_248' title='bbox 900 2877 1028 2927; x_wconf 87' lang='lat' dir='ltr'><strong>literarum</strong></span> <span class='ocrx_word' id='word_1_249' title='bbox 1044 2887 1069 2926; x_wconf 90' lang='lat' dir='ltr'><strong>et</strong></span> <span class='ocrx_word' id='word_1_250' title='bbox 1085 2894 1189 2928; x_wconf 87' lang='lat' dir='ltr'><strong>amorem</strong></span> <span class='ocrx_word' id='word_1_251' title='bbox 1206 2878 1339 2930; x_wconf 83' lang='lat' dir='ltr'><strong>carminum</strong></span> <span class='ocrx_word' id='word_1_252' title='bbox 1354 2880 1389 2930; x_wconf 87' lang='lat' dir='ltr'><strong>si-</strong></span> 
     </span>
     <span class='ocr_line' id='line_1_27' title="bbox 243 2957 1387 3026; baseline 0.001 -16"><span class='ocrx_word' id='word_1_253' title='bbox 243 2959 275 3010; x_wconf 87' lang='lat' dir='ltr'><strong>ud</strong></span> <span class='ocrx_word' id='word_1_254' title='bbox 299 2960 459 3024; x_wconf 87' lang='lat' dir='ltr'><strong>Irnperatoris</strong></span> <span class='ocrx_word' id='word_1_255' title='bbox 487 2961 636 3024; x_wconf 82' lang='lat' dir='ltr'><strong>dignitatem</strong></span> <span class='ocrx_word' id='word_1_256' title='bbox 652 2959 791 3022; x_wconf 89' lang='lat' dir='ltr'><strong>parandam</strong></span> <span class='ocrx_word' id='word_1_257' title='bbox 836 2957 943 3018; x_wconf 82' lang='lat' dir='ltr'><strong>malane,</strong></span> <span class='ocrx_word' id='word_1_258' title='bbox 969 2975 1016 3022; x_wconf 90' lang='lat' dir='ltr'><strong>quo</strong></span> <span class='ocrx_word' id='word_1_259' title='bbox 1040 2958 1133 3008; x_wconf 86' lang='lat' dir='ltr'><strong>ueiaret</strong></span> <span class='ocrx_word' id='word_1_260' title='bbox 1150 2960 1268 3021; x_wconf 88' lang='lat' dir='ltr'><strong>animum,</strong></span> <span class='ocrx_word' id='word_1_261' title='bbox 1287 2969 1310 3010; x_wconf 91' lang='lat' dir='ltr'><strong>et</strong></span> <span class='ocrx_word' id='word_1_262' title='bbox 1321 2965 1387 3026; x_wconf 84' lang='lat' dir='ltr'><strong>fra·</strong></span> 
     </span>
     <span class='ocr_line' id='line_1_28' title="bbox 243 3037 1388 3108; baseline 0.003 -19"><span class='ocrx_word' id='word_1_263' title='bbox 243 3040 380 3108; x_wconf 78' lang='lat' dir='ltr'><strong>spectare.&#39;&#39;</strong></span> <span class='ocrx_word' id='word_1_264' title='bbox 402 3048 427 3093; x_wconf 87' lang='lat' dir='ltr'><strong>et</strong></span> <span class='ocrx_word' id='word_1_265' title='bbox 444 3042 564 3094; x_wconf 84' lang='lat' dir='ltr'><strong>Wexius:</strong></span> <span class='ocrx_word' id='word_1_266' title='bbox 585 3037 790 3105; x_wconf 79' lang='lat' dir='ltr'><strong>rperquamquis</strong></span> <span class='ocrx_word' id='word_1_267' title='bbox 837 3038 884 3088; x_wconf 89' lang='lat' dir='ltr'><strong>tris</strong></span> <span class='ocrx_word' id='word_1_268' title='bbox 916 3039 1075 3090; x_wconf 84' lang='lat' dir='ltr'><strong>aemulationi</strong></span> <span class='ocrx_word' id='word_1_269' title='bbox 1099 3038 1289 3102; x_wconf 85' lang='lat' dir='ltr'><strong>subduceretur,</strong></span> <span class='ocrx_word' id='word_1_270' title='bbox 1316 3044 1388 3094; x_wconf 90' lang='lat' dir='ltr'><strong>cuius</strong></span> 
     </span>
     <span class='ocr_line' id='line_1_29' title="bbox 244 3119 1388 3188; baseline -0.001 -15"><span class='ocrx_word' id='word_1_271' title='bbox 244 3124 360 3173; x_wconf 88' lang='lat' dir='ltr'><strong>escendat</strong></span> <span class='ocrx_word' id='word_1_272' title='bbox 384 3124 416 3172; x_wconf 82' lang='lat' dir='ltr'><strong>ad</strong></span> <span class='ocrx_word' id='word_1_273' title='bbox 439 3124 595 3188; x_wconf 89' lang='lat' dir='ltr'><strong>imperatoris</strong></span> <span class='ocrx_word' id='word_1_274' title='bbox 620 3121 750 3184; x_wconf 81' lang='lat' dir='ltr'><strong>fastigium</strong></span> <span class='ocrx_word' id='word_1_275' title='bbox 767 3125 792 3168; x_wconf 89' lang='lat' dir='ltr'><strong>et</strong></span> <span class='ocrx_word' id='word_1_276' title='bbox 837 3119 963 3185; x_wconf 81' lang='lat' dir='ltr'><strong>disparem</strong></span> <span class='ocrx_word' id='word_1_277' title='bbox 982 3121 1149 3184; x_wconf 86' lang='lat' dir='ltr'><strong>mitioremque</strong></span> <span class='ocrx_word' id='word_1_278' title='bbox 1167 3130 1281 3170; x_wconf 88' lang='lat' dir='ltr'><strong>naturam</strong></span> <span class='ocrx_word' id='word_1_279' title='bbox 1298 3131 1388 3172; x_wconf 87' lang='lat' dir='ltr'><strong>contra</strong></span> 
     </span>
     <span class='ocr_line' id='line_1_30' title="bbox 244 3199 1388 3267; baseline 0.002 -17"><span class='ocrx_word' id='word_1_280' title='bbox 244 3203 409 3267; x_wconf 89' lang='lat' dir='ltr'><strong>splendorem.</strong></span> <span class='ocrx_word' id='word_1_281' title='bbox 443 3204 549 3253; x_wconf 87' lang='lat' dir='ltr'><strong>Nullum</strong></span> <span class='ocrx_word' id='word_1_282' title='bbox 574 3218 628 3253; x_wconf 89' lang='lat' dir='ltr'><strong>esse</strong></span> <span class='ocrx_word' id='word_1_283' title='bbox 643 3201 792 3264; x_wconf 84' lang='lat' dir='ltr'><strong>Imperatori</strong></span> <span class='ocrx_word' id='word_1_284' title='bbox 836 3201 1056 3266; x_wconf 84' lang='lat' dir='ltr'><strong>interpretabatur.</strong></span> <span class='ocrx_word' id='word_1_285' title='bbox 1082 3201 1232 3252; x_wconf 88' lang='lat' dir='ltr'><strong>Suetonius:</strong></span> <span class='ocrx_word' id='word_1_286' title='bbox 1251 3199 1323 3251; x_wconf 90' lang='lat' dir='ltr'><strong>Inter</strong></span> <span class='ocrx_word' id='word_1_287' title='bbox 1339 3203 1388 3252; x_wconf 86' lang='lat' dir='ltr'><strong>ini-</strong></span> 
     </span>
     <span class='ocr_line' id='line_1_31' title="bbox 244 3281 1389 3349; baseline -0.002 -15"><span class='ocrx_word' id='word_1_288' title='bbox 244 3284 382 3348; x_wconf 76' lang='lat' dir='ltr'><strong>pericuum</strong></span> <span class='ocrx_word' id='word_1_289' title='bbox 398 3284 430 3333; x_wconf 87' lang='lat' dir='ltr'><strong>ab</strong></span> <span class='ocrx_word' id='word_1_290' title='bbox 446 3284 489 3343; x_wconf 84' lang='lat' dir='ltr'><strong>iis,</strong></span> <span class='ocrx_word' id='word_1_291' title='bbox 506 3285 550 3349; x_wconf 92' lang='lat' dir='ltr'><strong>qui</strong></span> <span class='ocrx_word' id='word_1_292' title='bbox 567 3283 681 3332; x_wconf 82' lang='lat' dir='ltr'><strong>civilibus</strong></span> <span class='ocrx_word' id='word_1_293' title='bbox 698 3282 791 3330; x_wconf 85' lang='lat' dir='ltr'><strong>artibus</strong></span> <span class='ocrx_word' id='word_1_294' title='bbox 837 3282 875 3332; x_wconf 90' lang='lat' dir='ltr'><strong>tia</strong></span> <span class='ocrx_word' id='word_1_295' title='bbox 891 3281 1057 3347; x_wconf 84' lang='lat' dir='ltr'><strong>Principatus</strong></span> <span class='ocrx_word' id='word_1_296' title='bbox 1075 3281 1185 3345; x_wconf 81' lang='lat' dir='ltr'><strong>quotidie</strong></span> <span class='ocrx_word' id='word_1_297' title='bbox 1203 3290 1322 3332; x_wconf 86' lang='lat' dir='ltr'><strong>secretum</strong></span> <span class='ocrx_word' id='word_1_298' title='bbox 1339 3281 1389 3332; x_wconf 86' lang='lat' dir='ltr'><strong>sibi</strong></span> 
     </span>
     <span class='ocr_line' id='line_1_32' title="bbox 245 3361 1389 3430; baseline -0.003 -14"><span class='ocrx_word' id='word_1_299' title='bbox 245 3364 384 3425; x_wconf 71' lang='lat' dir='ltr'><strong>excellmt,</strong></span> <span class='ocrx_word' id='word_1_300' title='bbox 408 3371 435 3414; x_wconf 87' lang='lat' dir='ltr'><strong>at</strong></span> <span class='ocrx_word' id='word_1_301' title='bbox 458 3365 502 3430; x_wconf 93' lang='lat' dir='ltr'><strong>qui</strong></span> <span class='ocrx_word' id='word_1_302' title='bbox 524 3364 585 3415; x_wconf 89' lang='lat' dir='ltr'><strong>boni</strong></span> <span class='ocrx_word' id='word_1_303' title='bbox 600 3363 670 3413; x_wconf 89' lang='lat' dir='ltr'><strong>ducis</strong></span> <span class='ocrx_word' id='word_1_304' title='bbox 686 3362 792 3425; x_wconf 85' lang='lat' dir='ltr'><strong>gloriam</strong></span> <span class='ocrx_word' id='word_1_305' title='bbox 838 3362 952 3412; x_wconf 81' lang='lat' dir='ltr'><strong>tororum</strong></span> <span class='ocrx_word' id='word_1_306' title='bbox 968 3379 1061 3412; x_wconf 87' lang='lat' dir='ltr'><strong>sumere</strong></span> <span class='ocrx_word' id='word_1_307' title='bbox 1078 3363 1184 3422; x_wconf 87' lang='lat' dir='ltr'><strong>solebat,</strong></span> <span class='ocrx_word' id='word_1_308' title='bbox 1202 3361 1389 3424; x_wconf 83' lang='lat' dir='ltr'><strong>necquidquam</strong></span> 
     </span>
     <span class='ocr_line' id='line_1_33' title="bbox 244 3443 1389 3510; baseline -0.007 -13"><span class='ocrx_word' id='word_1_309' title='bbox 244 3451 370 3497; x_wconf 77' lang='lat' dir='ltr'><strong>assecutam</strong></span> <span class='ocrx_word' id='word_1_310' title='bbox 395 3447 439 3507; x_wconf 86' lang='lat' dir='ltr'><strong>sit,</strong></span> <span class='ocrx_word' id='word_1_311' title='bbox 461 3460 520 3497; x_wconf 90' lang='lat' dir='ltr'><strong>eum</strong></span> <span class='ocrx_word' id='word_1_312' title='bbox 535 3459 612 3509; x_wconf 87' lang='lat' dir='ltr'><strong>prope</strong></span> <span class='ocrx_word' id='word_1_313' title='bbox 629 3445 744 3496; x_wconf 87' lang='lat' dir='ltr'><strong>accedere</strong></span> <span class='ocrx_word' id='word_1_314' title='bbox 761 3445 793 3492; x_wconf 88' lang='lat' dir='ltr'><strong>ad</strong></span> <span class='ocrx_word' id='word_1_315' title='bbox 838 3443 956 3510; x_wconf 88' lang='lat' dir='ltr'><strong>amplius,</strong></span> <span class='ocrx_word' id='word_1_316' title='bbox 991 3459 1063 3508; x_wconf 87' lang='lat' dir='ltr'><strong>qaam</strong></span> <span class='ocrx_word' id='word_1_317' title='bbox 1093 3459 1190 3494; x_wconf 87' lang='lat' dir='ltr'><strong>muscas</strong></span> <span class='ocrx_word' id='word_1_318' title='bbox 1213 3449 1328 3507; x_wconf 88' lang='lat' dir='ltr'><strong>captare,</strong></span> <span class='ocrx_word' id='word_1_319' title='bbox 1355 3457 1389 3490; x_wconf 82' lang='lat' dir='ltr'><strong>uc</strong></span> 
     </span>
     <span class='ocr_line' id='line_1_34' title="bbox 244 3521 1390 3592; baseline -0.005 -14"><span class='ocrx_word' id='word_1_320' title='bbox 244 3527 406 3592; x_wconf 89' lang='lat' dir='ltr'><strong>Imperatoris</strong></span> <span class='ocrx_word' id='word_1_321' title='bbox 422 3528 580 3592; x_wconf 90' lang='lat' dir='ltr'><strong>splendorem</strong></span> <span class='ocrx_word' id='word_1_322' title='bbox 596 3532 620 3576; x_wconf 90' lang='lat' dir='ltr'><strong>et</strong></span> <span class='ocrx_word' id='word_1_323' title='bbox 628 3528 792 3586; x_wconf 85' lang='lat' dir='ltr'><strong>maiestatem,</strong></span> <span class='ocrx_word' id='word_1_324' title='bbox 838 3523 895 3574; x_wconf 87' lang='lat' dir='ltr'><strong>stilo</strong></span> <span class='ocrx_word' id='word_1_325' title='bbox 923 3533 1061 3590; x_wconf 87' lang='lat' dir='ltr'><strong>praeacuto</strong></span> <span class='ocrx_word' id='word_1_326' title='bbox 1094 3525 1224 3591; x_wconf 78' lang='lat' dir='ltr'><strong>confiqere.</strong></span> <span class='ocrx_word' id='word_1_327' title='bbox 1250 3521 1390 3572; x_wconf 86' lang='lat' dir='ltr'><strong>Suetonius</strong></span> 
     </span>
     <span class='ocr_line' id='line_1_35' title="bbox 244 3603 1387 3672; baseline -0.003 -16"><span class='ocrx_word' id='word_1_328' title='bbox 244 3614 273 3656; x_wconf 94' lang='lat' dir='ltr'><strong>ut</strong></span> <span class='ocrx_word' id='word_1_329' title='bbox 299 3608 424 3657; x_wconf 89' lang='lat' dir='ltr'><strong>timendus</strong></span> <span class='ocrx_word' id='word_1_330' title='bbox 450 3609 482 3657; x_wconf 89' lang='lat' dir='ltr'><strong>sit</strong></span> <span class='ocrx_word' id='word_1_331' title='bbox 506 3607 644 3657; x_wconf 73' lang='lat' dir='ltr'><strong>aemulus&#39;*</strong></span> <span class='ocrx_word' id='word_1_332' title='bbox 662 3607 791 3672; x_wconf 87' lang='lat' dir='ltr'><strong>Apparet,</strong></span> <span class='ocrx_word' id='word_1_333' title='bbox 838 3607 941 3669; x_wconf 92' lang='lat' dir='ltr'><strong>opponit</strong></span> <span class='ocrx_word' id='word_1_334' title='bbox 957 3606 1032 3657; x_wconf 87' lang='lat' dir='ltr'><strong>initia</strong></span> <span class='ocrx_word' id='word_1_335' title='bbox 1048 3607 1207 3670; x_wconf 88' lang='lat' dir='ltr'><strong>sequentibus</strong></span> <span class='ocrx_word' id='word_1_336' title='bbox 1223 3603 1387 3666; x_wconf 86' lang='lat' dir='ltr'><strong>temporibus,</strong></span> 
     </span>
     <span class='ocr_line' id='line_1_36' title="bbox 245 3685 1390 3753; baseline -0.002 -17"><span class='ocrx_word' id='word_1_337' title='bbox 245 3687 333 3746; x_wconf 88' lang='lat' dir='ltr'><strong>credo,</strong></span> <span class='ocrx_word' id='word_1_338' title='bbox 363 3701 397 3736; x_wconf 84' lang='lat' dir='ltr'><strong>ex</strong></span> <span class='ocrx_word' id='word_1_339' title='bbox 420 3688 494 3737; x_wconf 89' lang='lat' dir='ltr'><strong>caede</strong></span> <span class='ocrx_word' id='word_1_340' title='bbox 518 3689 655 3738; x_wconf 88' lang='lat' dir='ltr'><strong>multorum</strong></span> <span class='ocrx_word' id='word_1_341' title='bbox 679 3689 793 3737; x_wconf 78' lang='lat' dir='ltr'><strong>civilibus</strong></span> <span class='ocrx_word' id='word_1_342' title='bbox 838 3688 938 3751; x_wconf 90' lang='lat' dir='ltr'><strong>quando</strong></span> <span class='ocrx_word' id='word_1_343' title='bbox 962 3703 1013 3738; x_wconf 90' lang='lat' dir='ltr'><strong>non</strong></span> <span class='ocrx_word' id='word_1_344' title='bbox 1030 3687 1154 3753; x_wconf 90' lang='lat' dir='ltr'><strong>quotidie,</strong></span> <span class='ocrx_word' id='word_1_345' title='bbox 1174 3699 1218 3750; x_wconf 90' lang='lat' dir='ltr'><strong>per</strong></span> <span class='ocrx_word' id='word_1_346' title='bbox 1234 3686 1329 3748; x_wconf 85' lang='lat' dir='ltr'><strong>aliquot</strong></span> <span class='ocrx_word' id='word_1_347' title='bbox 1345 3685 1390 3734; x_wconf 94' lang='lat' dir='ltr'><strong>ho-</strong></span> 
     </span>
     <span class='ocr_line' id='line_1_37' title="bbox 246 3767 1389 3833; baseline -0.002 -15"><span class='ocrx_word' id='word_1_348' title='bbox 246 3768 340 3820; x_wconf 87' lang='lat' dir='ltr'><strong>artibus</strong></span> <span class='ocrx_word' id='word_1_349' title='bbox 350 3767 793 3833; x_wconf 88' lang='lat' dir='ltr'><strong>excellentium,quantopereetprio·</strong></span> <span class='ocrx_word' id='word_1_350' title='bbox 838 3782 893 3828; x_wconf 92' lang='lat' dir='ltr'><strong>ras,</strong></span> <span class='ocrx_word' id='word_1_351' title='bbox 910 3769 954 3817; x_wconf 89' lang='lat' dir='ltr'><strong>sed</strong></span> <span class='ocrx_word' id='word_1_352' title='bbox 970 3769 1026 3828; x_wconf 89' lang='lat' dir='ltr'><strong>din,</strong></span> <span class='ocrx_word' id='word_1_353' title='bbox 1043 3774 1108 3817; x_wconf 87' lang='lat' dir='ltr'><strong>totos</strong></span> <span class='ocrx_word' id='word_1_354' title='bbox 1125 3767 1220 3817; x_wconf 89' lang='lat' dir='ltr'><strong>diesin</strong></span> <span class='ocrx_word' id='word_1_355' title='bbox 1238 3772 1333 3816; x_wconf 89' lang='lat' dir='ltr'><strong>secreto</strong></span> <span class='ocrx_word' id='word_1_356' title='bbox 1347 3767 1389 3816; x_wconf 89' lang='lat' dir='ltr'><strong>de·</strong></span> 
     </span>
     <span class='ocr_line' id='line_1_38' title="bbox 246 3843 1391 3915; baseline -0.005 -15"><span class='ocrx_word' id='word_1_357' title='bbox 246 3864 286 3902; x_wconf 90' lang='lat' dir='ltr'><strong>res</strong></span> <span class='ocrx_word' id='word_1_358' title='bbox 311 3848 430 3902; x_wconf 80' lang='lat' dir='ltr'><strong>Caesares</strong></span> <span class='ocrx_word' id='word_1_359' title='bbox 454 3855 479 3900; x_wconf 88' lang='lat' dir='ltr'><strong>et</strong></span> <span class='ocrx_word' id='word_1_360' title='bbox 504 3849 557 3915; x_wconf 89' lang='lat' dir='ltr'><strong>ipse</strong></span> <span class='ocrx_word' id='word_1_361' title='bbox 573 3849 733 3900; x_wconf 89' lang='lat' dir='ltr'><strong>Domitianus</strong></span> <span class='ocrx_word' id='word_1_362' title='bbox 750 3862 793 3898; x_wconf 89' lang='lat' dir='ltr'><strong>eos</strong></span> <span class='ocrx_word' id='word_1_363' title='bbox 838 3850 920 3912; x_wconf 84' lang='lat' dir='ltr'><strong>gebat.</strong></span> <span class='ocrx_word' id='word_1_364' title='bbox 943 3849 995 3898; x_wconf 91' lang='lat' dir='ltr'><strong>Dio</strong></span> <span class='ocrx_word' id='word_1_365' title='bbox 1020 3847 1134 3898; x_wconf 84' lang='lat' dir='ltr'><strong>Cassius:</strong></span> <span class='ocrx_word' id='word_1_366' title='bbox 1151 3847 1181 3896; x_wconf 74' lang='grc' dir='ltr'><strong>ἐν</strong></span> <span class='ocrx_word' id='word_1_367' title='bbox 1198 3845 1237 3913; x_wconf 76' lang='grc' dir='ltr'><strong>τῷ</strong></span> <span class='ocrx_word' id='word_1_368' title='bbox 1253 3843 1391 3912; x_wconf 67' lang='grc' dir='ltr'><strong>Ἀλβανῷ</strong></span> 
     </span>
     <span class='ocr_line' id='line_1_39' title="bbox 246 3927 1391 3995; baseline -0.005 -15"><span class='ocrx_word' id='word_1_369' title='bbox 246 3931 372 3982; x_wconf 88' lang='lat' dir='ltr'><strong>timerent.</strong></span> <span class='ocrx_word' id='word_1_370' title='bbox 840 3927 929 3995; x_wconf 61' lang='grc' dir='ltr'><strong><em>χωρίῳ</em></strong></span> <span class='ocrx_word' id='word_1_371' title='bbox 951 3929 986 3977; x_wconf 77' lang='grc' dir='ltr'><strong>τὰ</strong></span> <span class='ocrx_word' id='word_1_372' title='bbox 1012 3929 1133 3978; x_wconf 75' lang='lat' dir='ltr'><strong>arietata</strong></span> <span class='ocrx_word' id='word_1_373' title='bbox 1161 3928 1264 3992; x_wconf 70' lang='lat' dir='ltr'><strong>darique</strong></span> <span class='ocrx_word' id='word_1_374' title='bbox 1287 3957 1322 3966; x_wconf 89' lang='lat'>—</span> <span class='ocrx_word' id='word_1_375' title='bbox 1340 3927 1391 3976; x_wconf 75' lang='lat' dir='ltr'><strong>sut</strong></span> 
     </span>
    </p>

    <p class='ocr_par' dir='ltr' id='par_1_4' title="bbox 246 4009 1393 4318">
     <span class='ocr_line' id='line_1_40' title="bbox 284 4009 1391 4079; baseline -0.001 -18"><span class='ocrx_word' id='word_1_376' title='bbox 284 4010 388 4062; x_wconf 86' lang='lat' dir='ltr'><strong>Talibus</strong></span> <span class='ocrx_word' id='word_1_377' title='bbox 410 4013 477 4062; x_wconf 89' lang='lat' dir='ltr'><strong>curis</strong></span> <span class='ocrx_word' id='word_1_378' title='bbox 495 4011 625 4062; x_wconf 78' lang='lat' dir='ltr'><strong>exercitus.</strong></span> <span class='ocrx_word' id='word_1_379' title='bbox 645 4009 720 4062; x_wconf 82' lang='lat' dir='ltr'><strong>ovio.</strong></span> <span class='ocrx_word' id='word_1_380' title='bbox 739 4011 793 4061; x_wconf 89' lang='lat' dir='ltr'><strong>Me·</strong></span> <span class='ocrx_word' id='word_1_381' title='bbox 840 4012 1013 4079; x_wconf 69' lang='grc' dir='ltr'><strong><em>μοναρχήσας</em></strong></span> <span class='ocrx_word' id='word_1_382' title='bbox 1039 4009 1135 4070; x_wconf 69' lang='grc' dir='ltr'><strong><em>ὁμοίως</em></strong></span> <span class='ocrx_word' id='word_1_383' title='bbox 1159 4010 1255 4060; x_wconf 76' lang='lat' dir='ltr'><strong>taetra.</strong></span> <span class='ocrx_word' id='word_1_384' title='bbox 1273 4011 1391 4060; x_wconf 74' lang='lat' dir='ltr'><strong>Plinius:</strong></span> 
     </span>
     <span class='ocr_line' id='line_1_41' title="bbox 246 4089 1391 4158; baseline -0.003 -14"><span class='ocrx_word' id='word_1_385' title='bbox 246 4100 306 4144; x_wconf 87' lang='lat' dir='ltr'><strong>tam.</strong></span> <span class='ocrx_word' id='word_1_386' title='bbox 324 4093 388 4144; x_wconf 85' lang='lat' dir='ltr'><strong>XV.</strong></span> <span class='ocrx_word' id='word_1_387' title='bbox 408 4095 463 4144; x_wconf 86' lang='grc'><strong>768.</strong></span> <span class='ocrx_word' id='word_1_388' title='bbox 483 4091 573 4142; x_wconf 80' lang='lat' dir='ltr'><strong>Solane</strong></span> <span class='ocrx_word' id='word_1_389' title='bbox 590 4107 684 4158; x_wconf 86' lang='lat' dir='ltr'><strong>semper</strong></span> <span class='ocrx_word' id='word_1_390' title='bbox 699 4107 740 4140; x_wconf 88' lang='lat' dir='ltr'><strong>ero</strong></span> <span class='ocrx_word' id='word_1_391' title='bbox 757 4091 793 4141; x_wconf 90' lang='lat' dir='ltr'><strong>iu·</strong></span> <span class='ocrx_word' id='word_1_392' title='bbox 840 4109 892 4142; x_wconf 87' lang='lat' dir='ltr'><strong>cum</strong></span> <span class='ocrx_word' id='word_1_393' title='bbox 915 4093 981 4142; x_wconf 85' lang='lat' dir='ltr'><strong>uelut</strong></span> <span class='ocrx_word' id='word_1_394' title='bbox 1002 4091 1107 4156; x_wconf 87' lang='lat' dir='ltr'><strong>quodam</strong></span> <span class='ocrx_word' id='word_1_395' title='bbox 1122 4107 1196 4157; x_wconf 85' lang='lat' dir='ltr'><strong>specu</strong></span> <span class='ocrx_word' id='word_1_396' title='bbox 1213 4091 1310 4142; x_wconf 85' lang='lat' dir='ltr'><strong>inclusa</strong></span> <span class='ocrx_word' id='word_1_397' title='bbox 1328 4089 1391 4156; x_wconf 84' lang='lat' dir='ltr'><strong>(bel-</strong></span> 
     </span>
     <span class='ocr_line' id='line_1_42' title="bbox 246 4172 1393 4239; baseline -0.002 -17"><span class='ocrx_word' id='word_1_398' title='bbox 246 4174 293 4224; x_wconf 87' lang='lat' dir='ltr'><strong>stis</strong></span> <span class='ocrx_word' id='word_1_399' title='bbox 318 4175 428 4224; x_wconf 74' lang='lat' dir='ltr'><strong>exercitu</strong></span> <span class='ocrx_word' id='word_1_400' title='bbox 452 4174 527 4224; x_wconf 87' lang='lat' dir='ltr'><strong>euris.</strong></span> <span class='ocrx_word' id='word_1_401' title='bbox 550 4172 590 4225; x_wconf 84' lang='lat' dir='ltr'><strong>cf.</strong></span> <span class='ocrx_word' id='word_1_402' title='bbox 608 4172 744 4223; x_wconf 81' lang='lat' dir='ltr'><strong>Ruhnken.</strong></span> <span class='ocrx_word' id='word_1_403' title='bbox 762 4173 795 4224; x_wconf 89' lang='lat' dir='ltr'><strong>ad</strong></span> <span class='ocrx_word' id='word_1_404' title='bbox 839 4175 882 4222; x_wconf 89' lang='lat' dir='ltr'><strong>lua</strong></span> <span class='ocrx_word' id='word_1_405' title='bbox 914 4172 1085 4239; x_wconf 87' lang='lat' dir='ltr'><strong>Domitianus&gt;</strong></span> <span class='ocrx_word' id='word_1_406' title='bbox 1111 4189 1172 4222; x_wconf 85' lang='lat' dir='ltr'><strong>nunc</strong></span> <span class='ocrx_word' id='word_1_407' title='bbox 1194 4172 1393 4238; x_wconf 86' lang='lat' dir='ltr'><strong>propinquorum</strong></span> 
     </span>
     <span class='ocr_line' id='line_1_43' title="bbox 247 4251 1392 4318; baseline -0.003 -14"><span class='ocrx_word' id='word_1_408' title='bbox 247 4255 316 4306; x_wconf 79' lang='lat' dir='ltr'><strong>Veli.</strong></span> <span class='ocrx_word' id='word_1_409' title='bbox 334 4255 431 4307; x_wconf 90' lang='lat' dir='ltr'><strong>Paterc.</strong></span> <span class='ocrx_word' id='word_1_410' title='bbox 449 4257 487 4305; x_wconf 89' lang='lat'><strong>11.</strong></span> <span class='ocrx_word' id='word_1_411' title='bbox 505 4261 546 4306; x_wconf 78' lang='grc'><strong>33.</strong></span> <span class='ocrx_word' id='word_1_412' title='bbox 840 4253 980 4318; x_wconf 84' lang='lat' dir='ltr'><strong>sanquinem</strong></span> <span class='ocrx_word' id='word_1_413' title='bbox 1004 4253 1132 4313; x_wconf 86' lang='lat' dir='ltr'><strong>lamberet,</strong></span> <span class='ocrx_word' id='word_1_414' title='bbox 1158 4269 1220 4302; x_wconf 89' lang='lat' dir='ltr'><strong>nnnc</strong></span> <span class='ocrx_word' id='word_1_415' title='bbox 1245 4268 1272 4301; x_wconf 86' lang='lat' dir='ltr'><strong>se</strong></span> <span class='ocrx_word' id='word_1_416' title='bbox 1289 4251 1326 4300; x_wconf 83' lang='lat' dir='ltr'><strong>ad</strong></span> <span class='ocrx_word' id='word_1_417' title='bbox 1340 4251 1392 4302; x_wconf 87' lang='lat' dir='ltr'><strong>ciu-</strong></span> 
     </span>
    </p>

    <p class='ocr_par' dir='ltr' id='par_1_5' title="bbox 247 4332 1394 4480">
     <span class='ocr_line' id='line_1_44' title="bbox 281 4332 1392 4402; baseline -0.003 -18"><span class='ocrx_word' id='word_1_418' title='bbox 281 4332 381 4385; x_wconf 81' lang='lat' dir='ltr'><strong>Secreto</strong></span> <span class='ocrx_word' id='word_1_419' title='bbox 405 4353 449 4387; x_wconf 92' lang='lat' dir='ltr'><strong>suo</strong></span> <span class='ocrx_word' id='word_1_420' title='bbox 471 4337 587 4387; x_wconf 85' lang='lat' dir='ltr'><strong>satiatus.</strong></span> <span class='ocrx_word' id='word_1_421' title='bbox 607 4335 715 4395; x_wconf 90' lang='lat' dir='ltr'><strong>Omnes,</strong></span> <span class='ocrx_word' id='word_1_422' title='bbox 732 4349 794 4402; x_wconf 87' lang='lat' dir='ltr'><strong>quos</strong></span> <span class='ocrx_word' id='word_1_423' title='bbox 840 4333 991 4384; x_wconf 82' lang='lat' dir='ltr'><strong>rissimorurn</strong></span> <span class='ocrx_word' id='word_1_424' title='bbox 1015 4334 1103 4384; x_wconf 84' lang='lat' dir='ltr'><strong>ciuium</strong></span> <span class='ocrx_word' id='word_1_425' title='bbox 1127 4343 1225 4398; x_wconf 85' lang='lat' dir='ltr'><strong>straqes</strong></span> <span class='ocrx_word' id='word_1_426' title='bbox 1247 4334 1392 4398; x_wconf 86' lang='lat' dir='ltr'><strong>proferret.</strong></span> 
     </span>
     <span class='ocr_line' id='line_1_45' title="bbox 247 4411 1394 4480; baseline 0.001 -20"><span class='ocrx_word' id='word_1_427' title='bbox 247 4411 300 4462; x_wconf 78' lang='lat' dir='ltr'><strong>vidi</strong></span> <span class='ocrx_word' id='word_1_428' title='bbox 316 4414 472 4480; x_wconf 85' lang='lat' dir='ltr'><strong>interpretes,</strong></span> <span class='ocrx_word' id='word_1_429' title='bbox 490 4417 794 4469; x_wconf 85' lang='lat' dir='ltr'><strong>satishabentoatcndisse</strong></span> <span class='ocrx_word' id='word_1_430' title='bbox 846 4413 1040 4468; x_wconf 77' lang='lat' dir='ltr'><strong>obversabantur</strong></span> <span class='ocrx_word' id='word_1_431' title='bbox 1052 4415 1157 4480; x_wconf 83' lang='lat' dir='ltr'><strong>foribus</strong></span> <span class='ocrx_word' id='word_1_432' title='bbox 1175 4415 1262 4464; x_wconf 77' lang='lat' dir='ltr'><strong>horror</strong></span> <span class='ocrx_word' id='word_1_433' title='bbox 1278 4421 1302 4462; x_wconf 91' lang='lat' dir='ltr'><strong>et</strong></span> <span class='ocrx_word' id='word_1_434' title='bbox 1311 4412 1394 4462; x_wconf 86' lang='lat' dir='ltr'><strong>minae</strong></span> 
     </span>
    </p>
   </div>
   <div class='ocr_carea' id='block_1_4' title="bbox 0 0 1557 5300">
    <p class='ocr_par' dir='ltr' id='par_1_6' title="bbox 0 0 1557 5300">
     <span class='ocr_line' id='line_1_46' title="bbox 0 0 1557 5300; baseline 0 0"><span class='ocrx_word' id='word_1_435' title='bbox 0 0 1557 5300; x_wconf 95' lang='lat' dir='ltr'><strong> </strong></span> 
     </span>
    </p>
   </div>
  </div>
 </body>
</html>
