3130 5308
242 531 286 593 98
680 543 836 594 concern
860 542 971 593 rrcrrr

247 735 310 803 qne
350 725 385 779 ut
420 713 563 780 homines
598 712 728 804 dispersi
762 733 799 777 ac
834 709 927 776 rudes
958 730 1061 797 eoque
1093 708 1127 772 in
1161 705 1247 772 bellu
1282 707 1396 774 faciles

246 820 347 908 quieti
381 831 414 886 et
447 821 512 886 otio
543 841 600 907 per
619 819 793 908 voluptates
816 825 1052 888 assuescerent,
1076 811 1198 878 hortari
1219 811 1393 900 privatim,

247 923 396 992 adiurare
430 924 575 1014 publice,
610 935 646 988 ut
668 922 807 1012 templa,
833 921 918 999 fora,
943 918 1052 984 domos
1075 927 1295 993 exstruerent,
1318 916 1394 982 lan·

245 1027 349 1093 dando
383 1041 544 1118 promptos
579 1040 611 1094 et
641 1027 822 1117 castigando
845 1047 967 1114 segnes.
992 1023 1041 1089 lta
1063 1021 1193 1086 honoris
1216 1021 1394 1087 aemulatio

246 1154 305 1221 pro
338 1135 524 1200 necessitate
558 1146 638 1199 erat.
664 1133 732 1198 larn
767 1153 840 1198 vero
873 1129 1055 1220 principum
1089 1125 1172 1192 lilios
1205 1125 1395 1192 liberalibus

248 1237 368 1303 artibus
410 1238 555 1317 erudire,
590 1250 623 1305 et
655 1237 783 1325 ingenia
818 1235 1044 1301 Britannorum
1075 1230 1187 1296 studiis
1223 1231 1394 1297 Gallorum

249 1343 424 1422 anteferre,
461 1357 514 1420 ut,
540 1344 596 1433 qui
617 1341 712 1408 modo
735 1342 876 1431 linguam
902 1341 1077 1406 Romanam
1097 1334 1302 1416 abnuebant,
1327 1336 1395 1403 elo·

249 1449 411 1534 quantiam
446 1450 717 1537 concupiscerent.
766 1445 845 1512 Inde
878 1446 973 1512 etiam
1004 1441 1131 1508 habitus
1155 1440 1254 1506 nostri
1277 1440 1396 1518 bonor,

251 1692 294 1748 di.
308 1695 665 1750 Kritaiusdesuaeoniectara
673 1701 797 1752 edidisset
842 1706 975 1764 guonem,
1002 1700 1139 1750 Britannos
1164 1706 1189 1750 et
1215 1706 1305 1760 antea,
1328 1714 1401 1749 nnnc

250 1785 322 1828 tanta
345 1779 442 1829 ratione
467 1794 590 1844 caraque,
611 1779 724 1832 utnulla
740 1789 798 1832 ante
842 1780 988 1846 praesertim
1006 1781 1134 1844 cognovit.
1151 1781 1239 1841 Idem,
1256 1787 1329 1844 puto,
1349 1780 1400 1831 dis-

248 1856 402 1912 Brr'tarmiac
417 1876 480 1910 noso
494 1877 566 1926 pars.
579 1857 798 1912 Illaaessitat'ran·
842 1863 938 1912 crimen
962 1863 990 1912 in
1006 1861 1092 1926 populi
1107 1863 1239 1926 utriusque
1254 1863 1340 1912 indole
1356 1863 1401 1912 ab·

249 1940 294 1991 siit
313 1957 416 2006 sequens
432 1942 521 2006 lrierns,
538 1941 707 1994 saluberrimis
723 1944 799 1993 eonsi-
843 1944 965 2003 mavit,
982 1945 1050 2008 qnod
1065 1943 1156 1993 deinde
1172 1943 1235 2004 init,
1252 1943 1280 1992 iu
1296 1943 1400 1992 Britan·

250 2022 292 2072 liis
316 2023 455 2088 absumpta.
471 2024 570 2090 Inque
586 2033 614 2074 nr
629 2025 738 2089 positum
752 2039 799 2089 pro
844 2024 884 2073 nis
898 2037 997 2089 quoque
1014 2024 1157 2074 masseiano
1174 2023 1401 2087 Angla-saxonum

251 2113 359 2168 quanta,
376 2119 411 2154 sc.
427 2105 524 2155 ratione
532 2105 800 2168 comminantes
843 2105 925 2168 magis
956 2105 1132 2156 confirmatum
1164 2119 1242 2168 qnam
1274 2111 1402 2155 mutatum

249 2186 298 2235 hoc
320 2186 455 2244 voluisset,
479 2187 629 2248 scripsisset,
653 2188 740 2237 medo:
764 2202 800 2236 se·
844 2191 890 2236 est.
917 2184 1051 2248 Spectobet
1075 2185 1211 2250 Agricola,
1228 2187 1298 2259 qnod
1313 2192 1402 2236 auctor

251 2279 327 2328 quens
342 2264 418 2314 limas
434 2265 573 2315 illucessita
590 2266 698 2316 transiit.
844 2266 912 2316 Dial.
925 2267 958 2316 de
976 2265 1047 2318 Orat.
1066 2271 1090 2316 2.
1107 2269 1141 2317 de
1157 2266 1230 2331 Apro
1245 2273 1346 2317 emtore
1362 2267 1401 2317 di·

285 2343 373 2410 quas
388 2345 486 2396 inbelle
494 2346 800 2410 faciles.Vatic.inbcllo
844 2347 892 2405 cit3
918 2347 962 2410 qai
985 2346 1082 2410 inperio
1104 2347 1191 2412 potins
1206 2355 1231 2396 et
1245 2346 1272 2396 ni
1287 2355 1401 2400 naturae

252 2429 389 2479 Bhenanus
405 2435 431 2478 et
447 2428 549 2492 Lipsius
556 2427 617 2478 bello
625 2427 725 2493 faciles
730 2449 740 2485 ;
750 2429 800 2478 Bo·
845 2442 917 2490 qnam
933 2426 1086 2476 instinctione
1102 2434 1127 2476 et
1141 2425 1219 2478 treas
1229 2429 1333 2492 samam
1340 2438 1402 2479 erat

254 2510 305 2560 sius
322 2510 349 2560 in
365 2509 438 2560 bella.
473 2509 556 2561 Omne
572 2510 635 2560 illud
650 2510 741 2560 dicitnr
752 2511 800 2574 sa·
845 2516 994 2558 consecutas.
1012 2504 1115 2572 Inpsnio
1130 2507 1211 2571 magis
1226 2509 1343 2572 proprius
1360 2518 1401 2562 ast

254 2591 314 2651 cim,
330 2593 397 2654 quod
413 2590 523 2641 flectenti
539 2605 590 2641 non
607 2593 712 2652 resistit,
729 2592 800 2642 flexi·
844 2591 955 2654 placidus
980 2603 1062 2650 arnor,
1088 2605 1139 2655 qno
1154 2590 1211 2655 quis
1226 2595 1292 2639 artes
1307 2591 1398 2642 libera·

254 2673 318 2733 bile,
335 2679 364 2721 ut
379 2687 404 2721 r.
413 2687 435 2721 c.
444 2671 522 2721 ninas
530 2674 597 2736 apud
605 2673 698 2736 Virgil.
707 2672 800 2738 Georg.
844 2672 881 2721 les
896 2671 1068 2735 prosequitur,
1084 2669 1167 2720 stadio
1189 2669 1269 2733 mapa
1285 2669 1399 2722 fervidus

254 2755 277 2803 L
305 2757 360 2802 les.
380 2751 497 2816 flectitur
521 2753 548 2801 in
571 2752 656 2804 barim
682 2755 753 2802 Hinc
768 2756 801 2804 nd
845 2753 930 2811 ardon
955 2752 1086 2815 ingenium
1107 2765 1162 2801 rem
1177 2751 1329 2816 propositam
1346 2767 1400 2804 ma

254 2835 304 2884 alia
327 2833 482 2884 maiorm.
508 2832 584 2885 ortu.
610 2833 668 2884 Art
685 2835 801 2884 Amator.
845 2840 926 2892 torst,
951 2832 1062 2884 studium
1085 2838 1209 2896 properat.
1236 2831 1354 2893 Tacitus,
1371 2834 1401 2884 ni

252 2917 350 2966 Lutt.
376 2912 487 2964 Nimiam
497 2914 596 2980 faciles
611 2913 647 2966 ad
655 2917 723 2980 sera
739 2915 803 2966 bella
846 2915 932 2974 fallor,
949 2920 1048 2971 namet,
1064 2911 1126 2976 quid
1143 2912 1265 2976 Agricola
1280 2919 1344 2962 tunc
1360 2914 1399 2964 in·

252 3011 346 3046 maras.
371 2995 468 3045 Lucan.
493 2996 544 3046 IV.
567 3000 623 3047 tob.
635 2996 735 3062 faciles
749 2998 802 3048 ani·
846 2995 974 3045 dicaverm
1013 2994 1127 3044 Kritaius
1151 2999 1223 3056 putat
1249 2993 1400 3057 Agricolm

252 3093 303 3127 mos
325 3077 412 3138 morti,
432 3078 477 3143 qui
492 3079 547 3128 sine
562 3079 648 3128 labore
664 3091 694 3128 eo
709 3079 803 3129 ducun-
846 3076 929 3125 serbis
952 3075 1007 3124 istis
1031 3075 1170 3124 Britannos
1193 3073 1322 3134 nmmo,
1347 3091 1400 3140 quo

252 3165 304 3218 tur,
318 3164 463 3207 atmortem
472 3160 585 3208 subeant.
602 3159 700 3209 Faciles
708 3159 734 3208 in
742 3158 803 3208 tello
846 3157 927 3220 magis
952 3170 995 3206 eos
1015 3157 1049 3205 ed
1064 3163 1130 3206 artes
1145 3155 1262 3204 liberales
1277 3159 1400 3208 amandas

254 3243 313 3285 eunt
328 3251 380 3285 non
397 3237 468 3295 duri,
485 3252 536 3286 non
553 3240 678 3298 crudeles,
695 3254 747 3288 non
764 3253 803 3288 sn·
847 3245 873 3287 et
887 3238 1028 3288 usstandan
1044 3237 1195 3286 incenderet
1214 3236 1324 3287 stiue
1336 3236 1401 3288 iudi·

252 3318 323 3381 psrbi
336 3317 532 3384 vietcrss‚quod
540 3318 803 3368 sententiaenoncon·
848 3333 906 3366 aare
931 3323 957 3368 et
979 3316 1098 3367 indiciam
1110 3316 1277 3381 pronuntiare
1293 3320 1398 3368 coniun-

253 3398 337 3458 ranit,
361 3405 391 3447 ut
411 3411 494 3464 neque
510 3399 617 3450 eliorum
633 3400 804 3464 interpretatio
847 3398 893 3461 git.
915 3397 1037 3462 Agricola
1052 3398 1201 3448 erudiendos
1217 3399 1322 3448 curabat
1333 3400 1402 3450 filios

250 3481 370 3546 prompti.
388 3480 496 3532 stiue
513 3495 611 3546 quaque
620 3481 698 3532 edidit
705 3480 731 3530 in
739 3481 803 3531 bella
847 3480 989 3544 principum
1014 3481 1204 3529 Britannorum.
1222 3480 1320 3530 Mirum
1335 3481 1401 3532 mihi

252 3568 281 3610 ut
298 3577 407 3626 promas,
430 3572 573 3627 promptas,
588 3571 698 3628 paratas
714 3562 740 3613 in
756 3563 802 3613 ali·
847 3561 958 3621 videtur,
983 3561 1005 3610 si
1022 3575 1077 3620 cos,
1094 3566 1195 3622 propter
1210 3560 1344 3622 ingenium
1360 3577 1400 3612 co·

252 3639 327 3704 qnid,
353 3642 388 3690 ita
411 3647 482 3706 putat
505 3644 600 3694 dictum
615 3645 696 3694 videri
706 3644 803 3710 facilis
848 3657 902 3691 ram
924 3642 1037 3692 laudatos
1053 3641 1212 3705 praetulisset
1227 3639 1323 3703 Gallis,
1339 3657 1401 3707 qno·

252 3722 279 3772 in
294 3720 400 3785 aliquid.
417 3723 530 3772 Kritsins
546 3723 804 3790 bellopraelert‚qnia
847 3737 904 3772 rum
926 3735 1019 3772 nomen
1035 3721 1139 3772 fortasse
1155 3735 1189 3771 ne
1205 3722 1281 3772 faudo
1296 3724 1402 3787 quidem

252 3804 279 3853 in
301 3803 413 3867 generat
436 3804 591 3868 oppositione
612 3803 699 3854 bellam
714 3806 804 3856 melius
847 3804 1002 3853 audiverant.
1025 3803 1125 3866 Tungri
1140 3803 1243 3866 quidem
1257 3819 1309 3853 non
1326 3813 1403 3855 erent

251 3885 385 3949 respondet
401 3884 481 3948 quisti
495 3891 520 3936 et
536 3885 587 3935 otio
602 3900 679 3951 quem
695 3885 767 3936 bella.
848 3883 917 3934 Galli
931 3899 994 3948 quos
1011 3884 1132 3948 Agricola
1148 3885 1284 3947 cogitabat.

286 3965 407 4017 Medera
425 3975 561 4032 promptos.
579 3967 660 4016 Tacit
678 3967 747 4017 Hiet.
765 3969 801 4018 11.
888 3963 937 4024 Ut,
971 3963 1014 4027 qm'
1036 3963 1105 4014 modo
1131 3963 1239 4028 linpaam
1264 3963 1404 4018 Romnum

252 4055 294 4101 82.
320 4047 382 4115 Ipse
402 4046 574 4114 Vespasianus
589 4047 675 4109 adire,
692 4048 801 4109 hortari,
846 4043 1087 4105 cinaedm-Quum
1095 4046 1315 4106 Britanni,indice
1324 4047 1403 4112 Agri·

252 4133 324 4180 banos
349 4129 436 4189 made,
458 4145 543 4195 sepner
559 4130 679 4196 exemplo,
697 4129 802 4180 incitare
845 4127 913 4187 cole,
929 4125 1024 4175 maiore
1040 4126 1299 4189 ingeniipraestantie
1317 4137 1403 4179 ament

252 4212 354 4277 saepias
371 4227 444 4275 wem
460 4225 579 4261 romane.
846 4209 966 4272 praediti,
982 4212 1096 4274 lingnam
1113 4211 1256 4260 Burnum
1272 4212 1325 4260 cito
1333 4225 1403 4261 ama·

287 4291 393 4356 Inpenia
412 4292 592 4343 Britannorum
608 4292 698 4344 stadiis
718 4292 801 4345 Galla·
846 4293 919 4351 bant,
945 4299 1031 4342 contra
1056 4307 1086 4342 ac
1110 4291 1193 4352 Galli,
1219 4293 1264 4356 qui
1280 4291 1404 4354 prufere-

254 4389 307 4420 ram
331 4377 468 4439 anteferre.
494 4376 615 4438 Agricola
639 4374 727 4426 Gallos
751 4376 802 4424 iam
847 4374 908 4421 bant
932 4372 1068 4433 Graecam,
1095 4381 1119 4423 et
1141 4380 1242 4436 propter
1260 4373 1405 4426 Massiliam

254 4453 282 4502 in
300 4453 362 4503 urba
379 4455 507 4506 Massiliae
524 4463 549 4506 ct
564 4457 592 4506 in
608 4456 747 4520 Aquitania
762 4471 802 4506 co·
848 4460 873 4505 et
894 4455 953 4520 quia
968 4455 1058 4506 melius
1070 4455 1235 4506 conveniebat
1251 4469 1312 4506 suae
1328 4462 1403 4506 natu·
