3130 5308
651 527 832 579 eeusccm.
1256 514 1315 576 lul

171 706 305 773 scientio
337 701 454 768 derisui
477 697 572 764 fuisse
595 715 696 787 nuper
719 696 835 760 leleum
859 717 877 760 o
902 694 1071 764 Germania
1096 695 1319 786 triumphum,

170 812 288 900 emptis
316 829 374 898 per
396 805 605 883 commercia,
631 823 768 892 quorum
790 799 916 868 habitus
939 803 1096 868 et-crines
1122 803 1156 866 in
1177 803 1320 892 captivo·

170 931 245 982 rum
280 913 417 1004 speciem
448 911 681 988 formarentur;
715 920 747 972 et
780 927 867 972 nuuc
902 927 1008 973 rerem
1032 925 1246 996 magnamque
1271 907 1319 970 vi·

171 1020 318 1094 moriem,
341 1028 389 1083 tot
412 1015 552 1080 millibus
574 1013 713 1080 hostium
737 1014 844 1090 caesis,
857 1014 983 1102 ingenti
996 1009 1257 1079 lemucelebrari.
1283 1009 1320 1076 ld

170 1123 233 1189 sibi
279 1123 415 1186 maxime
453 1118 713 1196 formidolosum,
753 1118 867 1206 privati
902 1118 1040 1184 hominis
1071 1139 1189 1184 nomeu
1224 1133 1318 1204 supra

168 1227 324 1318 principis
356 1225 477 1303 attolli;
504 1224 619 1289 frustra
642 1221 745 1287 studia
767 1221 828 1286 fori
851 1233 883 1288 et
906 1224 1049 1288 civilium
1075 1223 1193 1286 ortium
1217 1221 1316 1286 decus

169 1334 210 1398 in
244 1331 403 1397 silentium
438 1341 528 1406 acte,
563 1328 588 1393 si
612 1327 783 1392 militarem
807 1324 942 1414 gloriam
967 1328 1048 1393 alius
1072 1337 1261 1415 occuparet;
1287 1337 1319 1390 et

169 1447 278 1504 cetere
305 1447 479 1524 utcumque
513 1433 638 1499 facilius
668 1430 880 1510 dissimulari,
916 1432 1005 1499 ducis
1041 1430 1118 1496 boui
1143 1430 1318 1520 imperato-

172 1681 316 1734 Gellr'conr'a
339 1683 478 1745 intercepto
502 1678 638 1739 thesauris,
661 1693 722 1742 quos
767 1677 840 1726 uibus
861 1678 935 1726 rebus
961 1679 1042 1729 molor
1066 1691 1121 1728 asse
1137 1679 1223 1737 debet,
1241 1691 1320 1742 quem

169 1779 240 1814 nuno
263 1764 393 1828 arriperet.
419 1762 477 1811 Hoc
499 1759 644 1823 exemplum
661 1759 720 1808 addi
766 1758 849 1822 quivis
865 1757 985 1821 privatus.
1003 1761 1044 1808 Ne
1061 1759 1117 1824 quis
1135 1772 1209 1823 supra
1226 1773 1320 1811 meex-

169 1852 254 1910 potest
277 1845 322 1904 iis,
345 1857 410 1908 quaa
433 1841 545 1891 laudarit
568 1839 676 1891 Wexius
693 1840 720 1888 in
765 1839 840 1888 cellat
864 1839 891 1887 in
916 1841 1004 1889 studiis
1029 1840 1078 1889 tori
1103 1846 1128 1889 at
1152 1841 1244 1890 artium
1260 1842 1319 1890 civi·

170 1927 317 1988 Prolagom.
339 1939 365 1988 p.
383 1929 430 1982 22,
445 1923 490 1972 ubl
505 1921 647 1971 nominavit
663 1922 721 1970 aeri·
765 1921 841 1979 lium,
866 1920 935 1978 cari,
952 1920 1132 1985 professoribus
1148 1933 1247 1986 quoque
1271 1924 1319 1972 eie·

169 2014 267 2071 ptores,
292 2007 337 2071 qui
363 2004 481 2053 Tacitum
505 2003 548 2054 vel
572 2003 719 2063 nominent,
765 2001 819 2048 ctis.
841 1997 893 2050 Sed
908 2003 969 2065 quid
984 2003 1066 2061 iuret,
1084 2002 1106 2050 si
1122 1997 1166 2050 eiii
1181 2004 1209 2052 in
1226 2018 1253 2052 re
1271 2005 1317 2052 mi-

167 2087 213 2138 val
230 2103 281 2138 uon
298 2086 422 2136 nominati
438 2084 531 2147 scripte
548 2085 701 2147 cogitabant.
764 2081 832 2130 litari
862 2083 1005 2132 excollent?
1049 2083 1135 2148 Atque
1164 2083 1212 2132 hoc
1240 2084 1317 2132 etiam

205 2164 295 2216 Inerat
308 2165 649 2215 eomrimtic.Sibioonscius
658 2169 718 2214 erat.
764 2163 845 2211 multo
857 2163 1019 2225 periculosius
1036 2172 1081 2214 est.
1108 2163 1192 2224 Nam,
1210 2163 1257 2212 etsi
1271 2161 1317 2212 dil·

169 2248 269 2298 Hiator.
287 2247 338 2296 IV.
356 2251 397 2296 41.
419 2243 537 2310 Trepidis
554 2254 579 2294 et
594 2246 669 2297 verbu
683 2245 719 2293 ia·
763 2243 830 2292 ficile
858 2251 895 2293 eat
911 2245 1043 2308 simulare,
1060 2245 1088 2295 in
1105 2245 1194 2295 ceteris
1210 2245 1265 2293 istis
1281 2250 1316 2293 ta·

167 2328 310 2379 deieraret
322 2341 370 2392 per
386 2323 718 2386 variosarrrsmuranritue,

169 2409 228 2473 quia
245 2407 346 2473 floqitr'r'
370 2403 518 2457 couscientia
533 2406 623 2454 inerat.
641 2406 718 2456 Silius

168 2490 230 2539 Ital.
254 2489 333 2540 VIH.
359 2493 416 2538 292.
442 2483 531 2536 Inerat
546 2493 631 2534 metus.
666 2485 718 2534 Hic

166 2570 252 2635 egitur
276 2572 308 2620 da
333 2583 408 2619 saevo
433 2567 574 2617 Domitiani
598 2566 717 2629 ingenio,

166 2651 238 2715 quod
252 2651 323 2700 nulla
338 2664 367 2699 re
380 2648 554 2698 vehementius
570 2648 716 2710 angebatur,

167 2745 246 2796 quam
261 2730 358 2779 invidia
370 2729 451 2778 laudis
467 2729 583 2778 militaris
596 2728 624 2776 in
641 2727 716 2790 Agri·

165 2813 225 2862 cola
255 2811 489 2874 exsplendescentis.
528 2809 715 2860 Coniiciebam:

166 2891 256 2940 urebat
271 2891 427 2940 mmcientr'e.
441 2892 539 2940 Notum
555 2897 593 2940 ast
604 2887 716 2938 urerede

166 2971 220 3022 acri
243 2973 342 3030 dolore,
368 2985 402 3022 ex
425 2972 521 3022 invidia
545 2978 614 3030 orto,
634 2970 715 3034 quella

166 3053 240 3102 dolor
255 3067 323 3102 uuna
331 3053 506 3102 Domitianum
513 3053 648 3110 cruciabat,
657 3063 715 3098 cum

166 3134 314 3198 praesertim
329 3140 411 3184 metus
427 3134 502 3184 simul
518 3134 632 3183 animum
640 3131 715 3180 altius

165 3221 315 3280 penetraret.
341 3215 432 3264 Horat.
457 3216 538 3278 Epist
564 3215 601 3264 Il.
627 3227 646 3263 1.
674 3216 714 3261 la.

174 3291 236 3346 Urit
260 3295 322 3345 enim
336 3295 444 3360 sulpore
460 3311 516 3356 suo,
534 3293 578 3359 qui
590 3307 714 3358 praepro-

166 3384 211 3426 out
226 3383 296 3426 artes
312 3374 392 3441 Infra
408 3391 435 3425 ae
448 3376 556 3441 positus.
574 3375 633 3424 Liv.
651 3373 712 3422 XL.

169 3461 209 3506 lt.
228 3455 294 3512 Quin
311 3466 350 3516 tu,
366 3457 457 3506 omissa
472 3457 524 3506 istu
539 3464 658 3506 nocturne
665 3455 714 3519 fu·

166 3536 238 3598 bule,
263 3537 300 3586 ed
322 3536 365 3598 ie,
390 3535 554 3601 quodecim,
572 3535 713 3600 quodinvi·

165 3615 212 3666 dia
235 3619 296 3668 urit.
321 3617 412 3668 Florus
436 3618 473 3667 11.
490 3622 514 3666 6.
539 3615 634 3668 Urebat
649 3615 714 3664 nobi·

165 3697 212 3747 lem
224 3697 344 3764 populum
358 3697 467 3748 oblatum
481 3711 561 3757 mere,
577 3695 713 3762 replacin-

164 3775 249 3838 euloe‚
271 3779 333 3828 dure
357 3779 463 3839 tributa,
481 3793 545 3842 quae
560 3777 643 3826 iubere
659 3793 713 3825 con-

163 3868 288 3908 uerreret.
305 3859 457 3909 Ammianus
474 3859 588 3909 Marcell.
607 3857 671 3908 XX.
685 3871 711 3922 p.

166 3939 224 3988 tto.
241 3936 423 4004 Properantem
439 3939 605 3990 Constantium
618 3937 713 3990 Orienti

163 4019 238 4080 sem
253 4021 384 4086 suppetias
404 4021 508 4070 urebant
523 4017 620 4070 Iuliani
634 4020 711 4069 uirtu-

164 4107 215 4158 tea,
233 4117 296 4164 quus
308 4117 358 4167 per
373 4118 420 4152 oro
435 4101 543 4167 pestium
558 4100 711 4150 &veramne

157 4181 238 4244 saraa
253 4181 372 4232 celebrior
387 4181 540 4248 effundebat.
624 4205 628 4214 v

214 4259 326 4312 smera
341 4263 427 4313 studio
437 4263 499 4327 sori
514 4271 539 4312 et
554 4261 710 4312 civiliamcr-

163 4341 224 4392 tium
248 4342 322 4394 decus
342 4346 369 4395 ira
384 4344 507 4395 silentium
523 4351 590 4393 octe.
623 4344 710 4394 Domi·

161 4424 245 4474 ιὶιιιιιι
261 4439 347 4480 seeum
353 4427 491 4492 cogitabat:
503 4424 649 4478 uCaesarin
658 4440 709 4480 om·

763 2337 837 2384 meu,
851 2327 1099 2391 quomodocumque,
1116 2333 1142 2374 at
1157 2325 1254 2374 facilius
1261 2338 1317 2389 pos·

764 2418 820 2453 sum
845 2406 978 2467 simulare,
999 2408 1060 2456 telle
1077 2407 1159 2455 studia
1175 2419 1190 2454 a
1206 2420 1248 2455 mo
1264 2419 1316 2455 non

762 2487 861 2545 curari,
887 2487 959 2550 quasi
988 2487 1070 2537 ellone
1095 2499 1233 2550 eparsoua
1248 2488 1316 2550 prin·

763 2567 837 2629 cipis.
858 2565 910 2616 Sed
927 2567 954 2615 in
971 2582 998 2616 re
1014 2568 1118 2617 militari
1134 2567 1253 2616 simulare
1269 2579 1317 2616 nac

762 2661 880 2710 possum,
906 2661 953 2697 neo
971 2654 1054 2697 tutum
1070 2655 1115 2698 est.
1134 2647 1208 2698 Bella
1224 2661 1313 2712 geruu-

760 2735 802 2778 tur
831 2725 948 2792 auspiciis
974 2729 1094 2780 Caesaris.
1131 2731 1200 2780 Ltus
1224 2729 1314 2779 bellice

762 2824 815 2860 ease
840 2811 913 2860 debet
938 2812 1013 2861 unius
1040 2812 1210 2876 Imperatoris.
1229 2810 1312 2871 Quem

761 2892 824 2942 mais
849 2891 999 2940 exercitibus
1015 2889 1136 2956 praefeci,
1154 2891 1221 2940 hunc
1238 2905 1313 2954 supre

760 2985 802 3020 me
818 2971 886 3020 iama
901 2973 1021 3022 celebrari
1037 2988 1088 3022 non
1106 2970 1312 3021 lacendumeat.”

760 3051 813 3111 Ita,
830 3053 917 3111 credo,
934 3053 1063 3102 neminem
1080 3051 1189 3101 offendet
1206 3052 1230 3100 ei
1246 3050 1312 3100 alius

760 3139 906 3196 occuparet,
923 3147 938 3180 a
952 3134 1039 3197 Lipsio
1056 3140 1180 3182 mutatum
1188 3133 1215 3181 iu
1224 3131 1311 3192 atuor,

759 3213 870 3270 aretium
900 3227 981 3278 neque
1005 3214 1115 3264 offendet
1126 3213 1253 3280 facilius,
1278 3216 1311 3264 eb

760 3297 867 3346 Ernesto
885 3297 1001 3345 eiectum.

793 3373 831 3426 Et
854 3385 938 3425 cetera
961 3385 1089 3438 utcumque
1109 3375 1223 3440 facilius
1239 3376 1311 3426 dissi·

758 3457 857 3506 mulari.
875 3457 983 3507 Wexius
1001 3464 1025 3504 et
1041 3456 1310 3520 eelerit‚quioceurso

759 3547 785 3588 et
807 3538 872 3587 ratio
895 3538 1006 3596 additur,
1023 3551 1076 3586 nou
1093 3533 1213 3588 noverea
1225 3539 1310 3588 adiici

758 3627 806 3670 tur.
831 3617 973 3678 Adiicitur,
997 3625 1072 3682 puto,
1091 3633 1158 3669 nora
1173 3633 1226 3680 res,
1244 3633 1309 3685 quaa

758 3701 830 3752 estin
847 3699 1031 3750 dissimulando.
1049 3701 1091 3760 ut,
1107 3700 1128 3750 si
1144 3701 1200 3767 quis
1217 3703 1244 3752 iu
1259 3708 1308 3753 rtu-

757 3783 806 3832 diis
833 3782 938 3846 aliisque
962 3783 1036 3834 rebus
1053 3781 1173 3844 excellat,
1191 3783 1309 3834 simulare

757 3869 868 3928 poteret,
891 3877 918 3913 se
942 3877 994 3912 uon
1018 3875 1118 3922 curare,
1136 3864 1248 3913 dolorem
1264 3881 1308 3928 po-

756 3953 820 3995 teret
844 3952 977 4008 utcumque
1003 3944 1167 3992 dissimulare.
1194 3945 1308 3995 Kritsius

756 4040 855 4091 quoque
871 4033 896 4074 et
912 4025 1028 4074 serravit.

788 4104 872 4156 Ducis
896 4105 952 4154 boni
975 4103 1161 4170 imperatorium
1192 4106 1307 4158 virtutem

756 4201 817 4236 esee.
857 4187 947 4236 Virtus
971 4185 1133 4246 boniensis,
1155 4191 1309 4250 praestantia

757 4274 831 4332 atque
848 4281 881 4316 ex
899 4281 929 4316 aa
942 4273 1029 4331 parata
1043 4268 1099 4316 leus
1115 4267 1175 4317 boui
1183 4269 1309 4330 ducis,est

755 4348 914 4411 imperatoria
938 4348 1030 4408 virtus,
1054 4361 1119 4412 quae
1140 4349 1187 4399 soli
1206 4350 1308 4403 Caesari

736 4430 872 4505 ‘elebatum
897 4435 1026 4496 tamquam
1051 4429 1210 4496 imperaturi,
1237 4435 1308 4484 cuius
