3130 5308
256 515 329 578 136.
686 519 841 568 connata
865 518 976 566 raoni

252 693 394 782 proximo
430 712 512 758 anno
538 711 634 756 unam
657 689 816 779 legionem
838 687 923 751 furto
947 685 1047 750 noctis
1070 705 1230 772 aggressos
1254 685 1400 752 clamore

247 796 448 875 debellastis3
486 794 520 860 hi
555 805 732 861 ceterorum
769 791 994 857 Britannorum
1024 789 1234 878 fugacissimi,
1248 789 1402 881 ,ideoque

248 914 314 967 tarn
349 900 405 966 diu
439 899 630 989 superstites.
680 894 844 983 Quomodo
879 895 970 959 silvas
1006 893 1169 982 saltusque
1202 897 1401 982 penetranti·

248 1006 307 1071 bus
352 1004 556 1070 fortissimum
595 1001 743 1092 quodque
779 998 896 1065 animal
932 1007 1042 1062 contra
1076 1019 1188 1076 ruere,
1225 999 1340 1087 pavida
1363 1015 1401 1066 et

249 1111 361 1177 inertia
395 1110 461 1197 ipso
498 1109 632 1197 agminis
664 1127 740 1172 sono
774 1103 998 1194 pellebantur,
1034 1103 1079 1167 sic
1102 1103 1248 1168 acerrimi
1272 1104 1401 1170 Britan-

248 1236 363 1280 norum
395 1215 460 1278 iam
483 1212 604 1302 pridem
625 1209 828 1288 ceciderunt,
853 1208 994 1297 reliquus
1018 1219 1064 1273 est
1087 1229 1239 1273 numerus
1262 1210 1398 1298 ignaro·

249 1419 371 1469 exercitus
389 1417 580 1482 fugacissimos.
599 1417 652 1468 Sed
669 1419 696 1468 in
713 1418 798 1467 huius·
845 1413 955 1478 aliquam
971 1413 1076 1464 haberet
1094 1413 1401 1478 auctoritatem‚tumpro

248 1501 317 1550 modi
334 1499 468 1562 exemplis,
485 1505 514 1548 ιιι
529 1505 596 1550 recte
613 1497 722 1564 disputat
739 1499 799 1550 We·
845 1509 918 1542 ruere
942 1495 1078 1558 suspicarer
1094 1502 1158 1543 ruet.
1176 1495 1237 1544 Non
1252 1495 1311 1545 licet
1328 1495 1401 1545 enim

249 1581 323 1640 xins,
345 1580 494 1640 videndum,
519 1586 604 1629 utrum
626 1579 701 1629 nisit
717 1579 798 1630 subie-
845 1572 916 1622 mire
941 1575 1072 1639 suspicari,
1098 1577 1159 1639 quia
1176 1575 1277 1636 Latini,
1295 1576 1343 1626 etsi
1360 1578 1399 1626 ui-

250 1666 318 1710 ctum
335 1676 367 1710 an
383 1662 560 1724 praedicatum.
845 1661 906 1704 cunt
930 1655 1035 1721 optimus
1061 1655 1163 1720 quisque
1187 1683 1222 1692 -
1243 1657 1398 1718 esuriuntur,

283 1739 364 1790 Furto
381 1741 468 1790 noctis.
484 1741 553 1790 Nota
569 1747 627 1791 aunt
637 1743 719 1806 furto
735 1738 800 1800 belli,
846 1750 898 1785 non
915 1741 999 1786 tamen
1018 1737 1106 1786 eodem
1121 1737 1197 1786 modo
1214 1736 1317 1802 optimus
1332 1739 1399 1803 quis·

251 1823 363 1886 opposita
386 1822 487 1884 proeliis
508 1821 664 1885 manifestis,
680 1827 709 1870 ut
726 1820 801 1872 Grac·
848 1832 900 1880 que
916 1815 983 1866 nomo
999 1845 1033 1853 -
1048 1817 1184 1866 moriuntur
1200 1833 1312 1882 unquam
1328 1821 1400 1871 dixe·

250 1918 309 1952 eum
327 1900 464 1952 rituam.
482 1901 514 1952 ci.
525 1903 634 1952 Tennul.
644 1903 800 1952 adFrontin.
846 1902 913 1946 mut.
933 1897 1006 1945 uHoc
1023 1897 1135 1947 Kritzius
1153 1899 1189 1948 ita
1204 1900 1311 1950 refutat:
1324 1923 1335 1944 a
1345 1900 1401 1952 Sed

252 1981 360 2048 strateg.
387 1985 426 2033 ΙΙ.
452 1999 478 2034 v.
504 1988 546 2033 aa.
564 1990 589 2033 et
605 1983 752 2034 Dresemtus
769 1984 802 2033 at
847 1993 998 2042 quamquem
1013 1993 1061 2028 usu
1078 1981 1182 2040 evaluit,
1196 1982 1401 2045 utquisquetau·

252 2065 303 2114 102,
321 2066 440 2115 Iscanum
457 2065 492 2115 V,
512 2069 551 2114 11.
848 2059 976 2107 tummodo
1001 2060 1150 2109 substantivi
1171 2061 1227 2110 loco
1243 2076 1301 2112 cum
1316 2077 1403 2126 auper-

291 2143 383 2194 oontra
398 2161 487 2205 ruere,
500 2144 598 2210 pavida
615 2145 802 2210 estaminipso
847 2139 924 2188 lativo
955 2141 1116 2190 coniunctum
1140 2138 1220 2204 (velut
1239 2143 1404 2207 fortissimus

253 2225 358 2290 agminis
375 2241 431 2274 sono
436 2225 602 2289 pellebantur.
612 2227 749 2275 Rhenanus
757 2241 802 2290 pro
848 2219 962 2284 uultque)
980 2222 1103 2284 pluralem
1119 2223 1190 2271 verbi
1205 2237 1292 2287 regere
1308 2225 1404 2285 soleat,

253 2322 326 2356 ruere
359 2311 501 2356 correxerat
530 2307 623 2355 robore.
649 2306 802 2356 Puteolanus
848 2306 932 2353 tamen
948 2303 1012 2351 ratio
1029 2304 1192 2365 grammatica
1208 2307 1346 2368 excogitari
1354 2321 1402 2356 ue·

251 2386 388 2452 pelluntur.
405 2386 530 2437 Infinitivi
547 2387 733 2450 coniunguntur
749 2388 801 2451 qui·
848 2383 915 2446 quit,
941 2397 984 2432 our
1001 2399 1053 2432 non
1070 2384 1138 2433 idem
1153 2385 1239 2445 liceat,
1256 2386 1277 2434 si
1293 2387 1405 2450 quisque

254 2470 313 2518 dem
338 2483 396 2518 cum
418 2467 573 2527 indicativis,
591 2472 619 2515 ut
637 2465 739 2516 Sallust.
757 2467 802 2517 Ca
849 2465 1003 2514 substantivo
1027 2465 1142 2514 iunctum
1158 2463 1215 2514 sit.''
1238 2465 1355 2517 Fortasse
1374 2476 1403 2518 et

255 2549 293 2598 til.
319 2553 360 2596 21.
378 2542 525 2597 Maledictis
540 2547 654 2612 increpat
670 2563 749 2596 omnes
765 2548 803 2596 bo·
849 2558 896 2607 ego
921 2544 1055 2608 aliquando
1071 2545 1122 2594 tale
1139 2552 1313 2607 argumentum
1330 2549 1403 2600 adhi-

256 2645 307 2677 nos.
341 2625 445 2678 Suoruna
469 2643 656 2692 unumquemque
680 2629 804 2678 nominans
849 2625 904 2684 bui,
937 2639 1026 2687 parum
1058 2630 1143 2674 tamen
1177 2627 1260 2677 valere
1284 2629 1401 2678 arbitror.

256 2707 368 2759 madere.
388 2707 427 2758 Cf.
446 2707 514 2758 Cort.
533 2708 613 2756 Tacit.
629 2709 802 2758 Anna].XII.
849 2705 917 2753 Usus
947 2703 1068 2752 nimirum
1097 2713 1194 2770 regnat.
1234 2707 1351 2759 Ceterum
1375 2717 1404 2760 ot

257 2794 297 2838 51.
328 2787 377 2838 Ubi
390 2786 462 2852 quati
477 2787 803 2838 uterusctuiseeruoa'bran·
850 2785 962 2833 Kritziufl
980 2785 1156 2848 interpretatur
1161 2787 1356 2852 penetrantibus,
1365 2804 1404 2840 sc.

257 2879 305 2920 tur.
330 2867 676 2920 Cs.1⁴]ruest.etDronkius
693 2870 766 2918 adh.
783 2871 802 2919 1.
849 2865 935 2924 nobis,
961 2865 992 2914 de
1017 2866 1079 2929 ipso¹
1095 2867 1184 2919 itinere
1206 2870 1340 2933 Agricolae
1356 2883 1403 2934 per

257 2951 309 3002 Sed
332 2952 368 3000 ita
388 2950 515 3000 coniuncti
539 2963 584 3013 per
609 2949 724 3014 quomodo
741 2951 804 3000 mihi
849 2947 924 2996 silvas
941 2947 1067 3011 saltusque
1083 2948 1158 2999 facto.

255 3033 331 3084 dictio
354 3033 456 3082 insolita
475 3032 581 3081 videtur.
600 3032 634 3081 Et
647 3029 804 3096 pellebantur
883 3025 945 3094 Ipso
961 3029 1065 3092 agaunis
1082 3045 1148 3080 sono.
1166 3031 1217 3081 Vel
1233 3045 1296 3080 sono
1314 3027 1402 3097 αὐτῷ,

256 3115 307 3165 fere
331 3129 377 3163 nos
395 3128 424 3164 eo
441 3113 521 3172 ducit,
537 3120 566 3162 ut
583 3113 703 3175 Agricola
719 3113 803 3162 militi·
851 3107 927 3176 αὐτῷ
952 3108 1033 3176 ulau.
1059 3109 1147 3162 Cicero
1169 3125 1215 3174 pro
1233 3111 1342 3162 Caecina
1360 3117 1401 3162 15.

256 3195 303 3242 bus
327 3195 354 3242 in
379 3194 527 3242 memoriam
542 3199 654 3252 revocet,
671 3195 740 3256 quod
756 3195 805 3257 ipsi
851 3189 932 3256 Saepe
957 3191 1062 3240 cluutore
1079 3191 1134 3257 ipso
1150 3191 1253 3242 utilitum
1270 3192 1401 3258 adspectu·

256 3274 379 3322 viderant.
398 3271 512 3320 Conieci:
533 3269 655 3325 Quomodo
671 3272 804 3323 siluassal-
851 3287 897 3335 que
927 3273 1050 3336 signorum
1074 3288 1176 3338 mogum
1201 3273 1288 3338 copias
1308 3272 1401 3338 pulsaue

258 3361 345 3417 tuaque
357 3350 544 3418 penetrantibus
554 3352 805 3418 fortissimumquod
851 3367 903 3401 esse
919 3351 1064 3402 audiuimus.
1082 3355 1196 3404 Imitatio
1211 3353 1292 3404 Curtii
1309 3356 1400 3406 111.s.

258 3449 304 3500 que
328 3432 421 3484 uninaal
446 3441 533 3482 contra
554 3448 627 3482 ruere
648 3433 804 3496 videbamus,
851 3433 902 3481 iam
920 3448 934 3482 a
951 3434 1125 3484 Freinshemio
1142 3441 1261 3484 annotata
1277 3441 1326 3485 eat:
1340 3433 1402 3484 Ter-

256 3513 349 3563 inertiu
372 3515 427 3580 ipso
450 3513 554 3579 agminis
570 3529 627 3563 aono
641 3515 804 3580 pellebantur.
850 3513 943 3562 ribilem
966 3523 1040 3564 anteo
1064 3530 1157 3580 regem,
1174 3515 1285 3565 absentio
1300 3531 1350 3565 auu
1367 3516 1404 3566 ud

260 3595 345 3656 Quum
368 3597 558 3659 penetrabamus
582 3611 661 3659 nuper
686 3597 760 3647 silvas
782 3603 806 3647 et
850 3610 938 3644 uanum
966 3595 1090 3658 fiduciam
1113 3595 1216 3656 elatum,
1237 3603 1403 3660 posteaquam

259 3676 350 3734 saltus,
374 3675 520 3724 videbamus
537 3674 672 3726 fortissima
689 3678 806 3727 animalia
851 3674 985 3725 adventare
1010 3693 1036 3726 se
1061 3677 1174 3736 senserit,
1192 3685 1289 3726 cautum
1301 3692 1351 3740 pro
1369 3685 1402 3726 te·

258 3761 346 3806 oontm
369 3767 454 3814 ruere,
479 3754 569 3804 inertia
584 3756 638 3820 ipso
655 3772 716 3806 sono
732 3759 806 3821 pella-
851 3757 956 3806 armario
976 3758 1092 3821 sactum,
1118 3757 1244 3807 delituisse
1268 3757 1331 3816 inter
1357 3773 1402 3806 un-

259 3839 362 3887 bantnr:
385 3833 482 3900 pauido
513 3841 613 3898 propter
638 3836 729 3886 inertia
754 3855 806 3888 non
850 3837 946 3902 quatias
962 3837 1402 3903 soltus,rituipnobiliumserurum‚

259 3918 380 3969 desidero.
409 3915 502 3978 Virgil.
527 3915 596 3966 Aen.
613 3919 664 3967 IV.
683 3925 722 3968 38.
742 3916 805 3984 Spu·
853 3933 915 3982 quoe
944 3919 1050 3984 strepitu
1078 3919 1287 3984 praetereuntium
1314 3918 1403 3968 audito

259 4007 408 4062 montemque
434 3995 493 4046 duri
513 4012 609 4062 pecora
633 3999 697 4048 inter
715 3999 806 4051 inertia
852 3997 969 4048 silvorum
986 3999 1087 4048 latebris
1104 4015 1130 4048 se
1146 4000 1310 4051 occuluerunt.
1332 3999 1403 4048 Dicit

258 4079 321 4129 cotia
352 4075 427 4142 Optat
452 4069 553 4140 aprum,
580 4088 625 4129 aut
640 4079 742 4143 fulvum
767 4081 806 4130 de·
853 4079 955 4128 Tacitus
972 4080 1076 4145 agntinia
1092 4097 1157 4141 sono,
1175 4082 1191 4130 i.
1210 4081 1403 4130 e.oxercitusin

259 4158 373 4209 scandere
389 4157 569 4208 monteleonem.
588 4161 806 4228 Kritaiusquoque
852 4161 960 4224 agmine,
978 4162 1004 4210 in
1022 4163 1118 4212 itinere.

259 4239 370 4289 defendit
391 4237 558 4302 pellebantur,
585 4250 610 4291 et
631 4259 703 4293 ruere
719 4245 807 4308 accipit
886 4240 1008 4305 Reliquus
1033 4252 1069 4292 est
1094 4259 1204 4294 numerus
1220 4245 1363 4308 ignavorum
1379 4251 1405 4292 et

260 4334 305 4383 pro
325 4328 434 4368 ruerunt.
453 4320 561 4372 Wexius
577 4324 638 4387 legit
650 4324 806 4389 pellisolent.
853 4324 1011 4373 metuentium.
1046 4324 1193 4388 Distinguo:
1227 4323 1351 4389 Reliquus
1368 4333 1407 4374 eat

263 4397 309 4448 uSi
323 4399 456 4451 Puteolani
473 4404 593 4468 scriptura
603 4404 741 4470 pelluntur,
760 4406 806 4466 ait,
854 4419 978 4466 uumerus,
1013 4405 1154 4469 ignavorum
1188 4415 1210 4456 et
1241 4407 1405 4460 metuentium.
