3134 5310
241 479 262 542 t
664 493 821 542 constan
845 495 955 542 itcrat

242 663 419 728 civitatibus
459 683 644 741 commune,
681 663 891 752 ignorantiam
930 663 1007 727 recti
1041 675 1073 728 et
1101 663 1264 730 invidiam.
1314 663 1376 731 Sed

241 844 378 891 sententiae
395 843 534 891 addendam
549 847 635 905 putat,
657 841 784 900 maiorem,
832 841 890 900 ties,
917 854 1013 904 semper
1037 843 1159 892 maiorem
1183 857 1316 892 numeram
1341 845 1378 894 in·

240 929 388 986 quamesset
404 923 430 970 in
448 923 601 972 substantivo
618 923 783 972 etadiectiuo:
831 922 896 970 dicat
913 935 989 985 quam
1005 923 1031 971 in
1048 929 1161 987 tempora
1172 925 1319 987 praesertim
1327 925 1377 974 Ne·

239 1005 277 1052 ita
298 1003 385 1066 Agric
404 1004 455 1051 IV.
472 1001 785 1067 Pulchritadinemacspc-
830 1003 899 1051 ronis
924 1009 949 1052 et
973 1003 1112 1052 Domitiani
1133 1005 1211 1063 esdit;
1227 1019 1310 1068 neque
1325 1021 1377 1055 ma·

240 1085 300 1133 ciera
316 1083 427 1133 asachae
441 1083 545 1148 plort'ae.
565 1085 644 1134 XVI.
658 1085 699 1134 ira
716 1093 740 1132 et
751 1085 785 1133 υἱ·
831 1085 909 1132 iorem
925 1086 1000 1133 modo
1016 1085 1378 1148 numerurmsedetiamprom·

240 1165 786 1229 ctoriaflicsutemtanarmmodoagiturde
831 1171 901 1226 ptum
936 1172 960 1214 et
984 1165 1049 1213 nihil
1072 1172 1226 1214 metuentem
1251 1166 1377 1227 animum,

241 1246 343 1294 invidia.
362 1247 430 1309 Ergo
448 1247 536 1296 adiecit
544 1248 703 1308 citiam,non
712 1251 783 1298 vitio.
831 1259 881 1308 quo
905 1246 1078 1294 celeberrimus
1094 1247 1198 1310 quisque
1214 1248 1328 1310 ingenio,
1346 1249 1378 1296 si·

275 1327 316 1375 Ita
341 1327 401 1386 ieci,
417 1335 539 1392 quantum
555 1331 637 1391 potui,
654 1336 683 1378 ut
699 1331 785 1394 proba·
831 1327 884 1374 mul
900 1333 974 1389 atquc
995 1327 1074 1375 virtus
1090 1328 1254 1390 eppanuisset,
1272 1330 1304 1376 ad
1321 1342 1378 1378 eam

240 1406 316 1455 bilem
340 1409 450 1472 aliquam
473 1410 622 1458 sententiam
643 1411 708 1458 binis
724 1410 785 1458 locis
831 1407 982 1456 laudandam
1010 1409 1164 1471 properabat.
1201 1407 1252 1457 Sed
1276 1411 1378 1472 qnando

240 1488 407 1539 conciliarem.
434 1489 534 1538 Interea
557 1490 681 1552 profiteor,
706 1492 786 1539 multa
832 1488 928 1536 exstitit
962 1487 1006 1536 illa
1036 1488 1160 1536 clarorum
1184 1489 1295 1537 virorum
1320 1491 1378 1538 scri·

240 1568 304 1617 mibi
320 1568 362 1616 hic
377 1569 525 1632 interpolata
541 1571 633 1629 rideri,
646 1585 727 1634 neque
738 1573 785 1620 Ta·
831 1576 978 1632 ptorumque
1002 1568 1089 1630 copia?
1108 1569 1187 1617 Aetas
1202 1569 1292 1628 Taciti,
1308 1583 1378 1632 prae-

240 1650 284 1697 oiti
305 1663 359 1698 esse
374 1649 424 1698 nisi
439 1649 512 1698 haec:
536 1648 663 1698 Claromm
678 1651 786 1700 utrorum
831 1649 902 1712 cipue
926 1649 953 1696 in
969 1649 1016 1696 hac
1032 1663 1131 1708 massa,
1147 1651 1290 1712 quindecim
1306 1651 1380 1699 annis

236 1732 318 1794 facta
325 1745 450 1792 moresque
456 1731 566 1793 posteris
575 1730 687 1790 tradere,
695 1747 725 1779 rte
734 1748 785 1780 raos-
832 1729 972 1778 Domitiani
988 1733 1046 1777 ante
1058 1727 1170 1778 Nervam
1178 1737 1300 1780 censetur.
1311 1731 1379 1792 Quo·

242 1811 290 1860 tris
307 1810 785 1875 quidemtemporibaeqaamqaamiaca-
832 1811 907 1858 modo
931 1810 980 1858 viri
1004 1810 1064 1857 clari
1089 1810 1173 1872 etqui
1189 1804 1318 1859 scribendo
1335 1812 1379 1860 eli·

240 1890 786 1958 rioaaeuorameetaaomiait.Sadcpadprio·
832 1890 893 1954 quid
924 1890 1037 1938 valerent
1069 1890 1198 1939 saevitiem
1223 1891 1379 1955 imperatoris

241 1989 325 2038 ressq.
334 1974 435 2022 Tacitus
443 1973 518 2034 probe
527 1973 725 2037 sciebat‚quanta
733 1991 787 2038 gra-
833 1972 937 2020 eradere
960 1970 1111 2032 potuerunt?
1143 1969 1215 2030 Otio,
1241 1973 1336 2036 quiete,
1354 1980 1380 2022 et

240 2055 305 2104 ritas
323 2053 422 2102 essetin
430 2053 587 2115 simplicitate
596 2056 700 2104 exordii.
713 2056 787 2116 Quod
832 2065 876 2114 per
900 2051 1035 2100 silentium.
1062 2048 1159 2114 Mopse
1182 2051 1271 2114 aliqua
1292 2071 1323 2103 aa
1339 2069 1379 2103 no·

242 2137 302 2194 ieci,
329 2134 412 2182 eiectis
438 2133 540 2195 spuriis,
567 2141 604 2183 est
629 2137 737 2198 simplex
762 2144 787 2186 et
833 2132 889 2181 bitis
905 2133 992 2180 virtus.
1012 2131 1063 2192 Qui
1076 2131 1212 2194 antiquitas
1220 2137 1380 2197 exponebant

241 2230 333 2280 gnere:
351 2215 414 2262 adde
439 2214 530 2272 eiecta,
554 2215 583 2261 fit
608 2216 732 2263 tumidum
762 2223 787 2264 et
833 2216 864 2262 de
888 2214 941 2262 vita
961 2213 1085 2261 clarorum
1100 2214 1225 2273 viretum,
1243 2215 1319 2264 iidem
1335 2232 1379 2280 pu·

242 2297 342 2360 spiritus
366 2309 418 2342 non
438 2295 514 2342 modo
535 2295 649 2354 oratorii,
671 2298 715 2344 sed
736 2296 787 2346 fers
833 2295 909 2344 blicas
931 2295 1088 2357 privatasque
1105 2294 1206 2342 illorum
1221 2297 1325 2346 virtutes
1341 2313 1380 2348 ce·

241 2377 340 2442 poetici.
366 2371 530 2424 Excutiemtis
555 2374 661 2437 singula.
686 2374 787 2431 Quoties
832 2375 970 2424 lebrabant.
1004 2373 1057 2423 Cur
1078 2375 1120 2422 isti
1144 2382 1242 2425 tautum
1264 2380 1381 2428 dicuntur

241 2473 331 2522 maana
355 2455 443 2518 aliqua
459 2470 490 2502 ac
505 2455 593 2504 nobilis
609 2458 696 2506 uirtus.
716 2460 787 2508 Toci·
833 2455 909 2504 vitam
941 2471 1066 2518 moresque
1093 2454 1209 2514 tradere,
1230 2459 1380 2507 recentiores

240 2547 281 2589 tas
305 2537 397 2600 cogitat
421 2549 492 2584 suam
517 2544 630 2587 aetatem.
657 2539 709 2607 Fac
730 2555 788 2588 eum
833 2549 944 2600 mapsam
968 2534 1077 2598 aliquam
1102 2551 1132 2584 ao
1149 2537 1250 2586 nobilem
1265 2539 1380 2587 virtatem

241 2620 316 2668 fuisse
341 2625 429 2666 natum
454 2631 476 2664 a.
507 2621 537 2666 57
564 2626 619 2682 post
637 2619 696 2668 Chr.
730 2621 787 2668 scri·
834 2615 950 2664 tradere?
976 2618 1007 2664 ad
1030 2623 1161 2680 utramque
1178 2620 1379 2678 aetatem,liber·

241 2706 319 2769 psisse
337 2701 484 2766 Agricolam
500 2715 516 2749 e
533 2703 573 2748 et.
587 2697 786 2750 Finiamastem-
832 2698 890 2746 tatis
907 2704 932 2746 et
947 2697 1110 2761 principatus,
1126 2700 1379 2762 uerbe‚utleguntar‚

241 2801 302 2850 pora
323 2791 348 2834 et
364 2790 484 2841 aetatem,
500 2796 576 2845 quam
593 2789 787 2840 nostrorumst,
832 2779 919 2827 reterri
934 2793 986 2827 non
1002 2786 1113 2841 possunt.
1131 2779 1185 2829 Nec
1201 2782 1380 2832 satismodeste

241 2867 316 2916 annis
340 2865 512 2929 quadraginta.
540 2865 613 2912 Vidit
629 2865 691 2912 adeo
709 2864 787 2912 Nero
834 2875 922 2922 mapaa
945 2858 1033 2922 aliqua
1053 2876 1084 2909 ao
1099 2861 1195 2910 nobilia.
1214 2863 1378 2922 Vetusaetas‚

242 2961 314 3006 nem,
340 2945 459 3002 Galbam,
479 2942 618 3002 Othonem,
638 2945 786 3003 Vitellium,
833 2941 937 2988 testibus
969 2941 1106 2999 historicis,
1130 2943 1292 3004 paucissimos
1315 2946 1378 2994 tales

243 3027 440 3090 Vespasianum,
476 3025 575 3083 Titum,
606 3026 787 3074 Domitianum.
833 3011 901 3070 viros
933 3019 1027 3069 habuit.
1063 3020 1132 3081 Quid
1156 3023 1231 3072 breve
1256 3040 1379 3074 annorum

243 3108 336 3165 Galba,
364 3106 432 3155 Otho
457 3112 482 3154 ct
508 3106 627 3154 Vitellius
644 3106 727 3154 cuncti
743 3107 789 3154 vix
835 3103 955 3164 epatium,
978 3108 1002 3149 et
1018 3101 1105 3150 virtuti
1121 3102 1264 3164 inimicum,
1281 3109 1312 3156 de
1329 3121 1379 3170 quo

241 3203 321 3238 unum
354 3201 449 3235 annum
481 3187 672 3247 imperaverunt.
717 3187 789 3234 Titus
834 3182 875 3230 hie
901 3182 999 3243 agitur?
1022 3180 1091 3230 Vicit
1107 3199 1137 3230 aa
1153 3199 1317 3247 superpressa
1334 3197 1378 3236 est.

242 3270 326 3334 paullo
342 3269 398 3331 plus
413 3281 490 3331 quam
506 3265 643 3314 biennium.
662 3263 715 3313 Sub
730 3266 789 3314 Tito
836 3263 948 3313 Omnino
964 3263 1097 3311 sufficiebat
1104 3263 1172 3312 vicit.
1182 3265 1223 3312 Ita
1231 3267 1312 3314 solent
1320 3269 1380 3316 boni

242 3356 410 3412 exspectasses
425 3362 537 3410 mapsam
550 3345 788 3408 aliquomoa'rtatera.
833 3345 973 3407 scriptores.
1000 3342 1102 3391 Sallust.
1125 3344 1222 3405 Iugurt.
1242 3350 1280 3394 10.
1309 3345 1382 3402 Quod

243 3431 348 3490 Fuisse,
365 3445 417 3478 non
434 3433 538 3478 constat.
556 3427 626 3476 Nero
642 3441 721 3475 annos
738 3427 789 3477 fers
835 3424 1004 3490 defficilliraem
1020 3423 1085 3471 inter
1101 3425 1229 3484 mortales,
1245 3427 1328 3490 ploria
1345 3430 1380 3478 in·

242 3507 788 3576 quattuordecim,Vespasianusdecem,Do-
833 3505 925 3555 sidiam
949 3504 1039 3553 vicisti.
1066 3504 1159 3554 Justin.
1187 3507 1209 3555 1.
1228 3513 1251 3556 2.
1271 3506 1382 3573 Maynaa

243 3593 362 3642 mitianus
381 3589 524 3652 quindecim
539 3591 577 3638 rei
592 3590 705 3651 publicae
720 3603 788 3652 prae·
835 3585 922 3634 atrae
938 3601 979 3633 res
995 3585 1088 3648 possin
1107 3602 1210 3649 perarma
1218 3589 1381 3652 amplitudine

241 3673 298 3722 suit.
324 3671 374 3718 His
399 3669 589 3731 impemntibus,
614 3683 697 3717 reram
712 3669 788 3720 fuisse
834 3667 876 3716 ubi
900 3665 1018 3715 invidam
1041 3675 1184 3731 superatam
1204 3677 1294 3732 putat,
1317 3687 1381 3734 qaae

242 3755 313 3804 illam
328 3751 458 3807 virtutem,
473 3751 787 3810 constat,rarioresetiam,
834 3747 868 3794 sit
887 3748 1000 3809 fatetur.
1027 3747 1102 3796 Adde
1120 3749 1247 3810 Sallustio,
1264 3750 1381 3801 iuvidiam

241 3835 287 3898 qni
310 3832 414 3895 posteris
439 3829 569 3878 tradidere.
596 3829 670 3889 Quod
694 3839 788 3894 quanto
833 3827 917 3876 vicisti
945 3843 976 3875 ac
1005 3844 1180 3892 supercrescere
1210 3847 1250 3887 es,·
1274 3833 1380 3892 iustitio,

242 3931 300 3964 cum
324 3911 434 3976 periculo
453 3911 536 3990 fieret,
555 3910 656 3958 Tacitus
673 3913 788 3974 exemplo
834 3907 951 3958 invidiam
975 3909 1065 3958 victam
1089 3927 1120 3959 ac
1144 3921 1288 3977 superatam
1310 3913 1381 3979 (nam

244 3996 353 4046 Aruleni
374 3992 471 4041 Rustici
488 3998 512 4039 ct
529 3991 655 4040 Herennii
672 3991 787 4041 Senecio·
833 3991 877 4054 qui
898 3991 1019 4040 invidiam
1041 3993 1207 4056 repereritis
1224 4009 1280 4044 eam
1295 4011 1381 4060 saper·

241 4079 281 4126 nis
306 4077 386 4125 docet.
412 4075 471 4122 Hoc
495 4079 579 4120 autem
595 4073 649 4120 loco
666 4073 738 4120 dicit:
756 4087 788 4121 ne
833 4087 933 4136 pressae
967 4073 1015 4137 est)
1047 4080 1146 4132 neuter,
1176 4076 1266 4133 credo,
1296 4077 1379 4126 vellet.

243 4164 327 4206 nostra
346 4156 449 4220 quidem
470 4159 537 4201 aetas
553 4153 671 4201 virtutem
686 4153 788 4202 laudare
840 4151 934 4202 Vitiata
963 4154 1051 4217 parcis
1074 4156 1215 4219 moeniaque
1240 4157 1381 4206 civitatibus

243 4239 338 4296 omisit,
363 4237 460 4300 quoties
477 4234 536 4284 vicit
552 4235 680 4283 invidiam.
699 4235 788 4284 Viltus
835 4249 968 4281 commane:
998 4249 1045 4298 ego
1075 4235 1184 4298 primum
1214 4253 1265 4287 non
1290 4239 1379 4298 video,

243 4313 788 4379 tamrarapostnlabat,niiallor,siquando.
834 4315 894 4376 quid
919 4320 999 4363 totum
1024 4316 1086 4364 illud
1111 4318 1143 4365 de
1158 4317 1219 4367 citio
1236 4321 1267 4367 ad
1284 4327 1380 4368 senten-

243 4399 376 4460 Restringe
392 4397 598 4460 significationem
613 4398 722 4446 adverbii
732 4411 788 4458 qao·
834 4397 895 4444 tiam
920 4396 968 4444 loci
994 4395 1076 4445 saciat.
1104 4399 1171 4448 tum
1188 4400 1241 4463 ipsa
1258 4403 1381 4451 sententia
