3130 5308
659 502 832 554 sersaoni.
1268 493 1309 556 81

156 677 252 741 osrio
288 695 360 766 mos
390 672 546 763 praefuit,
585 697 621 739 sc
647 674 730 740 velut
753 676 838 762 pacti
862 674 1014 740 exercitus
1036 673 1219 752 licentiam,
1244 675 1307 742 dur

156 860 293 921 titudinis,
323 862 365 910 vel
395 861 477 924 potins
506 862 623 925 figurate,
649 862 714 926 ipsas
759 875 812 909 ram
827 862 951 910 exercitus
959 861 1029 910 vitat.
1048 859 1099 910 Sed
1107 867 1161 912 tum
1169 864 1265 925 quaerit
1273 865 1307 914 la·

156 943 253 991 landes
278 941 370 992 virtute
393 949 484 1005 partas.
508 937 545 991 At
561 941 587 991 in
604 941 714 990 Phaedri
759 941 855 990 tebrum
879 941 1024 1000 honestum,
1051 943 1116 1004 apud
1138 945 1246 994 amicum
1263 945 1306 994 sli-

159 1021 234 1072 Fab.
261 1023 284 1072 Ι.
303 1027 341 1072 13.
361 1019 484 1077 Quantum
500 1021 596 1071 decoris
612 1039 714 1088 corpore
758 1036 850 1086 quern,
884 1021 911 1070 in
943 1023 999 1071 loco
1031 1029 1097 1072 certe
1120 1023 1235 1074 honesto.
1278 1023 1308 1074 Si

160 1112 187 1152 et
204 1101 276 1152 vultu
289 1103 374 1166 peris,
392 1103 477 1152 dicens
493 1104 594 1166 vulpes,
611 1118 713 1153 corvum
759 1103 856 1165 quaerit
877 1103 983 1152 latebras
1004 1117 1072 1152 nunc
1095 1105 1137 1154 bic
1157 1121 1225 1154 nnnc
1241 1106 1307 1164 illic,

158 1185 251 1234 laudat
267 1190 364 1234 tanturn
381 1199 397 1233 n
412 1184 595 1247 pulchritudine
611 1183 713 1234 iormne.
760 1198 805 1232 nec
829 1185 871 1234 vel
896 1184 1008 1246 turpibus
1033 1197 1059 1233 se
1081 1186 1232 1236 abscondere
1248 1200 1308 1236 aum

158 1266 218 1315 Nec
251 1265 370 1314 Britanni
394 1265 458 1314 bene
482 1263 623 1314 dicerentur
648 1266 714 1314 bello
759 1265 861 1328 pudeat,
888 1263 936 1312 hoc
958 1264 1079 1314 indicium
1095 1273 1132 1314 est
1149 1268 1220 1316 anxii
1235 1267 1307 1316 timo·

157 1347 227 1395 clari.
251 1352 277 1394 et
292 1345 432 1408 insignibus
449 1343 544 1404 decori,
561 1360 608 1395 nec
624 1361 713 1395 cerrus
758 1345 805 1404 ris,
831 1346 893 1394 duce
910 1345 1016 1408 indigni.
1052 1345 1154 1395 Tacitus
1170 1346 1308 1396 indecorum

156 1424 261 1475 decorus
277 1439 378 1489 corpore
392 1433 417 1474 st
430 1425 509 1475 vultu.
544 1426 629 1487 Quam
638 1427 713 1490 signi·
759 1425 799 1476 vel
822 1427 848 1475 ln
865 1425 966 1476 latebris
981 1426 1148 1489 reprehendit.
1166 1426 1234 1479 Hist.
1252 1428 1306 1478 111.

157 1508 307 1560 ficationem
323 1507 458 1556 Sallustius
474 1507 570 1558 dederit
586 1508 662 1556 armis
674 1507 713 1558 de·
759 1511 799 1555 85.
822 1503 952 1564 Vitellius,
963 1508 1055 1571 sessus
1071 1507 1159 1558 misero
1176 1524 1274 1569 errore,
1284 1519 1309 1560 et

157 1587 278 1645 ceribus,
311 1588 379 1650 quod
403 1587 547 1650 exemplum
572 1587 673 1638 affertur
698 1604 713 1638 a
756 1585 874 1653 pudenda
897 1586 993 1636 latebra
1017 1597 1088 1638 semet
1113 1589 1252 1650 occultans,
1275 1591 1307 1640 ab

158 1668 308 1727 Prisciano,
334 1667 487 1730 ignoramus.
511 1671 599 1720 Aliam
616 1671 713 1720 dedisse
759 1665 824 1717 Iulio
850 1665 972 1728 Placido,
994 1668 1087 1718 tritanu
1105 1665 1224 1731 cohortis,
1247 1688 1307 1735 pro·

158 1757 273 1814 oportet,
289 1767 365 1815 quarn
383 1753 408 1801 in
426 1754 459 1800 Β.
469 1751 570 1802 Catilin.
582 1756 604 1802 7.
616 1750 712 1816 Manis·
758 1748 874 1798 trabitur.
906 1749 1001 1808 Locus,
1032 1750 1076 1799 ubi
1104 1765 1132 1800 se
1156 1752 1183 1801 in
1208 1767 1307 1804 summa

159 1847 208 1894 que
239 1831 264 1880 in
295 1831 392 1881 decoris
417 1833 493 1882 armis
516 1841 540 1881 et
565 1831 712 1881 militaribus
758 1831 844 1878 mortis
860 1829 970 1893 periculo
987 1831 1124 1890 occultant,
1138 1845 1210 1895 saepe
1227 1835 1307 1884 nomi·

159 1913 248 1975 equis,
271 1913 385 1976 quanin
401 1913 489 1962 scortis
505 1921 580 1976 atquc
597 1911 713 1961 comiciis
758 1916 838 1959 netur.
874 1910 912 1958 Ut
934 1911 1000 1972 apud
1018 1909 1121 1959 Sallust.
1139 1913 1171 1960 B.
1190 1915 1246 1977 Ing.
1266 1921 1306 1965 la.

160 1991 285 2042 libidinem
302 1992 427 2042 habebant.
446 1994 535 2057 Neque
550 1995 633 2042 imiter
643 1993 712 2042 Cinc-

159 2075 279 2132 coninm,
305 2074 340 2122 ibi
361 2089 460 2138 queque
476 2075 603 2136 legentem
621 2071 712 2121 decori-

161 2155 206 2203 bus
223 2153 309 2202 armis.
326 2154 417 2204 Heins.
435 2156 467 2204 ad
483 2156 500 2203 l.
510 2155 527 2203 l.
543 2154 629 2205 Ovidii
642 2153 711 2204 Fast.

161 2237 244 2284 utitur
260 2241 285 2284 et
297 2235 415 2298 exemplo
423 2235 458 2284 A.
469 2235 545 2284 Gellii
555 2235 588 2283 N.
600 2234 634 2284 A.
645 2235 711 2284 VII.

165 2322 206 2366 12.
235 2315 387 2378 Feminisque
404 2315 463 2364 solis
487 2323 574 2363 vestem
592 2315 660 2379 lonpe
678 2315 712 2364 la·

163 2406 238 2460 teque
254 2395 281 2444 di
277 2395 372 2460 ffitsam
389 2393 712 2446 decoremeaistimaaerunt.

163 2478 222 2528 Sed
244 2491 329 2526 rerum
344 2483 381 2526 est
398 2475 522 2536 decoram,
540 2479 607 2540 quod
623 2479 664 2528 vel
681 2492 714 2526 ex

162 2557 368 2606 antecedentibus
390 2563 503 2620 apparet:
522 2557 611 2607 tunicis
628 2557 665 2606 uti
680 2557 714 2606 vi·

164 2653 222 2687 rum
234 2636 341 2702 prolixis
356 2636 451 2686 Rornae
469 2645 543 2700 atque
559 2637 622 2687 omni
638 2636 713 2687 Latio

163 2718 302 2768 indecorum
321 2719 388 2783 suit.
416 2717 460 2778 si,
485 2733 549 2782 quae
571 2719 712 2782 disputavi,

163 2813 227 2850 vera
250 2805 320 2858 sunt,
345 2799 373 2848 in
399 2800 488 2849 Tacito
512 2799 553 2849 bic
577 2801 713 2864 legendnm

164 2886 204 2930 est
228 2879 361 2938 indecoris,
387 2881 446 2943 quia
466 2881 532 2940 dux,
548 2882 627 2930 vitatu
643 2896 713 2931 exer·

164 2961 229 3008 citus
245 2960 282 3009 ira
297 2959 358 3023 iuga
374 2966 399 3009 et
414 2961 529 3022 latebris,
547 2960 643 3011 bannilis
651 2977 713 3010 mox

163 3041 713 3106 vocatus,perpetratiacinusturpius‚qnam

163 3120 312 3170 indecorum.
329 3122 391 3184 Agit
408 3121 526 3188 αἰσχρῶς
540 3124 713 3186 magis,quam

165 3198 309 3268 ἀπρεπῶς,
325 3201 374 3264 egit
390 3209 477 3252 contra
493 3202 579 3262 decus,
588 3211 616 3252 nt
625 3205 712 3267 Iugur·

165 3283 212 3332 tha
235 3283 301 3347 apud
326 3281 427 3332 Sallust.
454 3289 495 3332 38.
511 3284 555 3347 qui
572 3293 656 3333 contra
674 3285 713 3334 cle·

165 3380 209 3414 aas
233 3363 337 3428 rapiam,
355 3363 420 3412 cultu
438 3379 510 3428 quam
526 3365 628 3414 manime
644 3365 711 3414 mise-

164 3443 241 3493 rabili
265 3441 369 3492 Romam
390 3447 464 3494 uenit.
491 3445 612 3496 Wexius:
637 3447 712 3494 nDis·

164 3526 241 3589 plicet
264 3523 406 3584 indecorus,
431 3527 558 3588 quianon
576 3527 608 3576 de
625 3540 652 3576 re
669 3527 712 3575 ali-

164 3621 215 3670 qna
230 3622 277 3654 non
293 3605 383 3654 decora
399 3607 493 3670 agitur,
511 3609 554 3656 sed
571 3607 712 3656 dehomine

165 3687 208 3750 qui
233 3701 307 3736 omne
323 3687 399 3736 decus
416 3685 531 3736 abiecit.''
548 3687 712 3736 Terminatio-

165 3781 223 3817 nem
239 3781 338 3833 quoqne
354 3767 376 3817 is
393 3769 419 3818 in
437 3767 564 3817 adieetivis
581 3767 713 3818 msscrdini

164 3849 263 3912 generis
279 3848 398 3898 defendit.
433 3849 550 3900 Fortasse
567 3855 650 3898 tamen
660 3865 712 3898 om·

164 3943 224 3978 nem
249 3929 419 3980 difficultatem
443 3931 470 3980 in
492 3929 613 3979 indecoris
637 3931 711 3979 evita-

165 4009 247 4058 bimus
270 4015 295 4059 et
311 4011 441 4060 meliorem
457 4010 711 4061 sententiam-consti·

164 4097 276 4150 tuemus,
301 4092 383 4140 verbis
409 4093 444 4140 ita
464 4092 631 4156 transpositis:
654 4090 711 4139 Tre-

164 4171 250 4220 bellius
269 4173 339 4237 supa
364 4189 395 4220 ac
420 4171 520 4222 latebris
540 4170 661 4220 indecoris
678 4172 711 4220 ai-

165 4259 221 4301 tata
245 4253 437 4313 erudierim,
455 4270 509 4302 moa
526 4252 712 4315 humiliterque

161 4333 278 4396 precario
297 4334 422 4399 praefuit.
445 4335 506 4384 Dux
523 4334 648 4383 interdum
665 4333 712 4381 ior-

163 4419 228 4464 tssse
254 4418 367 4466 excusari
389 4423 481 4479 potest,
499 4416 520 4466 si
537 4413 713 4467 intcbraturo·

764 1989 821 2038 Cium
847 1989 979 2054 Hiempsal
1003 1989 1099 2039 interim
1116 1993 1251 2056 reperitur,
1270 2012 1306 2044 oc·

758 2069 854 2118 cultans
878 2085 931 2118 sese
954 2069 1051 2132 tupurio
1068 2070 1176 2120 mulieris
1193 2075 1305 2125 ancillae.

757 2151 834 2199 dasne
851 2150 889 2198 11.
907 2157 930 2212 4.
947 2147 1074 2209 λαβοῦσα
1092 2151 1109 2215 ἠ
1126 2155 1194 2218 γυνὴ
1212 2155 1306 2222 (Raab)

759 2229 824 2287 roric
855 2229 906 2280 tto
933 2229 1036 2300 ἄνδρας
1054 2232 1171 2302 ἔκρυψεν
1189 2234 1306 2298 αὐτοὺς,

758 2318 783 2362 et
813 2317 836 2362 6.
867 2311 1039 2373 ἀνεβίβασεν
1070 2316 1173 2372 αὐτοὺς
1201 2317 1248 2366 irrl
1274 2321 1307 2367 ab

761 2393 859 2458 δῶμα,
887 2395 935 2442 nul
962 2394 1079 2462 ἔκρυψεν
1107 2396 1208 2454 αὐτοὺς
1226 2399 1255 2446 ἐν
1272 2401 1309 2463 τῇ

760 2474 927 2539 iuvenalior]
954 2482 989 2540 τῇ
1015 2478 1214 2544 ἔσιοιβασμίνῃ
1234 2480 1308 2544 αὐτῇ

760 2556 807 2606 lrtl
825 2559 878 2606 τοῦ
898 2557 1033 2619 δώματος.

792 2637 831 2688 Ac
855 2640 922 2690 uelut
941 2643 1015 2707 pacti
1031 2643 1153 2693 exercitus
1170 2643 1305 2704 licentiam,

759 2718 810 2768 duc
842 2721 953 2772 salutern.
996 2723 1159 2788 Antiquiorss
1185 2725 1307 2775 editiones

758 2801 841 2850 locum
870 2803 1042 2866 distinguunt:
1068 2821 1099 2853 ac
1128 2805 1193 2854 uelut
1216 2805 1306 2870 pacti,

758 2881 879 2930 exercitus
896 2881 1029 2943 licentiam,
1048 2884 1215 2934 dunealutern.
1234 2885 1307 2934 Haec

759 2959 913 3009 seditiosius
930 2962 1047 3026 sanquine
1064 2965 1141 3012 stetit.
1159 2965 1235 3024 Quod
1243 2965 1307 3013 mihi

758 3055 810 3089 non
826 3041 952 3104 displicet,
967 3044 1043 3092 modo
1058 3059 1104 3106 pro
1121 3043 1181 3092 baec
1198 3058 1232 3092 ex
1242 3045 1305 3093 Mss.

758 3135 885 3170 sumamus
910 3131 934 3170 ct
959 3120 1062 3183 seditio,
1087 3124 1128 3174 rel
1153 3125 1235 3188 potins
1252 3139 1305 3173 mu·

758 3209 839 3266 tensus
864 3210 888 3251 et
905 3203 930 3251 in
950 3203 995 3253 ita.
1031 3205 1074 3255 Sic
1091 3211 1157 3255 certe
1174 3206 1305 3255 difficultas

757 3285 875 3344 evitatur,
900 3292 1018 3348 quaeest
1035 3288 1061 3336 in
1078 3288 1237 3336 distinctione
1253 3287 1306 3336 vul·

757 3371 822 3426 gata.
858 3365 925 3414 Tum
950 3367 1018 3416 enirn
1040 3373 1095 3430 post
1108 3368 1182 3430 pacti
1197 3369 1306 3429 cogitan-

757 3446 817 3493 dum
842 3452 894 3494 erat
910 3445 976 3494 uelut
990 3447 1063 3511 pecti
1079 3454 1172 3506 essent,
1190 3447 1231 3497 vel
1248 3462 1305 3496 con·

757 3526 842 3588 fugere
880 3527 1024 3576 deberemus
1058 3529 1090 3576 ad
1122 3529 1306 3579 nominativum

757 3607 881 3668 quendam
913 3607 1061 3658 absolutum.
1104 3609 1218 3674 Utraque
1241 3612 1306 3660 ratio

757 3687 826 3735 dure.
862 3686 970 3737 Solitum
993 3697 1017 3739 et
1039 3691 1160 3740 Latinum
1177 3699 1244 3741 erut:
1263 3709 1305 3750 ac,

757 3765 822 3816 velut
844 3768 943 3832 pactis,
962 3771 1071 3820 exercitu
1089 3771 1226 3832 licentiam,
1245 3772 1305 3820 duce

757 3847 872 3907 salntem,
898 3864 928 3896 ea
952 3849 1040 3900 seditio
1057 3852 1109 3900 sine
1125 3853 1242 3915 sanpur'ne
1259 3861 1304 3899 ste·

757 3929 795 3978 tit.
823 3930 892 3978 Talis
915 3933 1065 3981 constructio
1090 3938 1126 3980 est
1148 3933 1175 3980 in
1192 3947 1244 3995 cap.
1264 3937 1304 3981 20.

764 4008 875 4073 Utroque
892 4011 1001 4060 exercitu
1019 4020 1141 4070 certante,
1158 4011 1209 4071 bis,
1227 4021 1254 4061 ut
1269 4021 1304 4062 tu·

758 4089 815 4139 iisse
840 4107 921 4155 opem,
948 4091 1012 4151 illis,
1039 4107 1068 4139 nc
1093 4091 1187 4156 spuisse
1209 4093 1304 4142 auxilio

756 4170 904 4219 viderentur.
916 4171 1127 4235 Solitumquoqne
1136 4178 1161 4221 et
1170 4173 1304 4225 Latinum:

757 4267 787 4298 ac
803 4249 869 4300 uelut
883 4252 969 4314 pactis
987 4253 1107 4300 exercitui
1124 4253 1305 4314 licentia,cluci
1325 4266 1327 4270 ’

758 4329 852 4390 salute,
878 4347 908 4380 ea
932 4331 1038 4380 victoria
1055 4332 1107 4381 sine
1124 4335 1242 4398 sanquine
1259 4345 1304 4386 ste·

759 4414 797 4462 tit.
825 4411 868 4463 Sic
889 4413 986 4464 Hister.
1013 4413 1051 4464 ΙΙ.
1079 4419 1116 4462 15.
1135 4431 1164 4462 nc
1181 4415 1246 4466 velut
1260 4434 1306 4482 pa·

1179 4502 1205 4544 ll
