3134 5310
246 511 287 576 st
691 526 848 574 ‹roudultt
873 527 983 576 rrcrrr

294 695 351 758 vt.
388 694 473 760 Hinc
509 695 549 762 ad
583 695 788 783 capessendos
822 695 1022 784 magistratus
1045 695 1078 758 in
1100 693 1211 760 urbem
1235 695 1395 784 digressus

250 799 422 866 Domitiam
458 800 686 879 Decidianam,
717 801 887 889 splendidis
910 799 1068 866 natalibus
1091 811 1213 878 ortam,
1238 801 1297 866 sihi
1320 803 1395 868 iun-

245 905 307 983 rit,
344 905 441 994 idque
476 907 713 973 matrimonium
745 905 784 970 ad
815 908 933 972 maiora
968 905 1083 971 nitenti
1112 903 1207 972 decus
1232 929 1268 971 ac
1291 908 1394 972 robur

244 1147 285 1211 ob
308 1144 509 1211 formidinem
531 1167 687 1212 recusare.
718 1145 789 1210 Non
808 1166 881 1209 sane
905 1144 981 1208 alias
1004 1145 1203 1209 exercitatior
1224 1147 1392 1235 magisque

229 1254 276 1316 ·in
303 1251 450 1339 ambiguo
474 1250 637 1316 Britannia
662 1251 731 1316 fuit.
760 1249 920 1314 Trucidati
943 1251 1103 1326 veterani,
1129 1250 1277 1314 incensae
1302 1251 1392 1316 colo-

244 1357 335 1430 niae,
364 1357 531 1446 intercepti
555 1358 708 1421 exercitus
722 1378 729 1435 ;
757 1368 826 1419 tum
845 1353 884 1418 de
908 1354 1008 1419 saluto
1020 1404 1028 1432 ,
1042 1377 1114 1418 mor
1127 1354 1165 1420 de
1179 1355 1308 1420 victoria
1322 1379 1394 1422 cer-

246 1475 359 1526 tavere.
387 1462 474 1545 Quae
498 1473 612 1526 cuncta
637 1472 735 1526 artem
757 1472 789 1526 et
802 1482 893 1524 usum
907 1472 938 1525 et
951 1459 1092 1526 stimulos
1105 1458 1252 1526 addidere
1266 1461 1391 1530 iuveni.

278 1617 351 1665 Haec
367 1623 425 1664 eunt
442 1615 543 1674 bravia,
561 1631 679 1675 nervosa,
696 1617 791 1673 facilia,
838 1615 886 1664 niti
890 1615 1061 1664 vehementius
1069 1615 1179 1664 studium
1186 1616 1306 1675 cernitar,
1315 1633 1395 1682 qnam

245 1699 350 1756 Latina,
377 1697 510 1761 inquibus
528 1697 792 1761 Tacitnm‘agnoscas:
838 1697 865 1745 in
884 1694 988 1744 tendere.
1024 1696 1062 1744 At
1077 1697 1139 1755 viri,
1157 1697 1237 1760 qualis
1255 1697 1394 1760 Agricola,

246 1785 376 1842 agnoscat,
393 1778 436 1842 qui
453 1778 528 1836 velit,
545 1778 572 1826 in
588 1779 619 1826 iis
637 1793 700 1841 qnae
718 1781 793 1828 edun·
839 1777 872 1825 ad
896 1791 1000 1839 magnos
1025 1775 1132 1826 honores
1148 1793 1199 1826 non
1216 1783 1287 1828 tanto
1304 1779 1394 1829 ardore

245 1868 298 1920 tur,
313 1875 359 1924 ego
375 1876 427 1908 non
442 1875 551 1923 possum.
587 1860 713 1908 Numerus
729 1862 793 1909 loco·
840 1859 940 1908 student
956 1859 1086 1921 pervenire
1093 1879 1099 1915 ;
1117 1858 1168 1907 iem
1184 1872 1246 1921 puer
1261 1865 1395 1923 praecepta
1423 1855 1427 1864 '

245 1957 310 2002 rom,
327 1957 361 1992 ex
377 1942 466 2006 glossis
483 1941 662 2003 marginalibus
670 1949 794 2004 connpto-
839 1939 1011 2003 philosophiae
1028 1939 1145 1988 acerrime
1161 1938 1290 1998 hauseram
1301 1941 1395 2004 enphi-

245 2039 318 2082 mm,
340 2025 367 2072 in
394 2023 475 2072 Taciti
500 2023 597 2085 scriptis
623 2030 660 2071 est
676 2025 794 2086 longuis,
841 2020 954 2082 losophia
978 2021 1081 2068 docebat
1105 2034 1215 2084 quoque,
1242 2019 1297 2068 sola
1314 2023 1392 2080 hono,

246 2105 391 2168 praesertim
408 2104 647 2166 iuvitaAgricclae.
666 2104 797 2154 Sententia
843 2115 906 2164 quse
923 2099 1035 2160 honesta,
1052 2099 1118 2148 malo
1135 2107 1242 2160 tantum,
1261 2117 1325 2164 puae
1341 2111 1393 2151 tor-

247 2185 399 2246 intronitque
419 2185 524 2231 animum
539 2211 573 2219 —-
590 2201 662 2247 qnam
685 2201 714 2233 err
731 2185 797 2234 molo
839 2181 900 2245 pia.-
915 2181 1065 2246 potentiam,
1084 2180 1392 2246 nobilitatem,ceteraqoe

248 2279 307 2312 vera
332 2270 369 2312 est
394 2271 418 2312 ot
439 2265 502 2312 bene
520 2279 643 2327 expressa.
679 2266 796 2315 Fortasse
843 2269 915 2308 extra
932 2261 1048 2320 animum,
1066 2277 1142 2324 oeque
1159 2263 1238 2321 bonis,
1256 2278 1392 2327 nequema-

250 2345 352 2393 Taoitns
374 2346 400 2393 in
417 2352 486 2409 parte
503 2345 570 2394 Hist.
587 2347 629 2395 vel
643 2348 738 2396 Annei.
757 2349 797 2396 de.
844 2340 875 2389 iis
892 2341 1081 2390 annumeranda.
1118 2343 1250 2406 Agricola,
1270 2351 1323 2392 tam
1339 2359 1396 2408 pro-

248 2428 345 2491 perdita
362 2441 417 2475 eam
433 2433 555 2490 posuerat.
843 2422 902 2479 bns,
924 2428 976 2469 tam
1005 2425 1144 2482 modestus,
1175 2425 1207 2472 ab
1232 2426 1302 2474 omni
1327 2425 1397 2476 fama

284 2507 329 2558 Ad
350 2509 446 2557 maiora
470 2509 564 2557 nitenti.
583 2509 623 2558 De
641 2510 734 2558 Latino
752 2510 798 2558 niti
844 2503 953 2561 alienus,
978 2504 1018 2551 cui
1038 2506 1130 2568 famae
1152 2505 1225 2553 etiam
1247 2505 1302 2554 boni
1319 2522 1396 2572 saepe

251 2589 286 2638 ad
309 2591 404 2638 maiora
428 2605 479 2639 non
505 2597 541 2637 est
566 2593 632 2654 quod
649 2592 797 2640 dubitemus.
845 2582 980 2648 indulpcttt,
999 2586 1394 2650 sicuti,quasibonlsmelior,in

251 2670 338 2720 Cicero
355 2673 385 2720 de
396 2667 552 2734 Senectita.
583 2669 674 2735 Optimi
683 2673 799 2736 oniasque
844 2679 897 2728 cap.
921 2670 944 2714 9.
962 2667 1089 2724 laudatum
1106 2668 1179 2726 hnic,
1197 2665 1232 2714 od
1246 2668 1343 2716 maiora
1360 2669 1396 2718 ni-

252 2753 345 2801 animos
362 2750 397 2800 od
412 2751 569 2800 immortalem
585 2752 690 2814 ptoriom
699 2754 796 2802 nititur.
846 2746 905 2794 tenti
930 2745 1003 2796 &aas
1028 2756 1052 2795 et
1077 2743 1151 2796 robur
1173 2747 1277 2796 accessit
1294 2761 1327 2797 ex
1343 2764 1398 2798 ma·

252 2833 375 2882 Usitatius
398 2839 435 2881 est
453 2832 558 2883 tendere.
577 2834 651 2896 Virg.
671 2834 730 2882 Aen
749 2835 797 2884 IX.
844 2827 981 2875 trim0n10?
1008 2829 1042 2876 Et
1067 2843 1130 2892 quae
1148 2836 1206 2878 sunt
1223 2829 1267 2878 illa
1282 2828 1396 2878 maiora?

252 2919 309 2962 205.
328 2911 377 2962 Est
394 2913 440 2974 dic,
457 2923 494 2964 est
511 2915 605 2962 animos
623 2913 684 2963 lacis
701 2924 799 2964 contern-
845 2907 939 2956 Fuerat
964 2909 1090 2968 tribunus,
1117 2910 1226 2967 iuvesslst
1252 2911 1322 2958 Venit
1346 2911 1397 2960 RO-

249 3005 323 3061 ptor‚
349 3005 373 3045 et
398 2997 470 3045 istum
506 2993 557 3050 Qut
569 2997 623 3045 nito
639 2996 696 3044 bene
713 2995 800 3045 credat
845 3005 913 3038 mam
930 2991 962 3038 ad
978 2992 1139 3054 capessendos
1147 2991 1313 3052 magistratus.
1331 2991 1394 3040 Nul-

252 3077 310 3136 emi,
329 3093 375 3139 quo
393 3077 484 3138 tendis,
500 3078 619 3127 honorem.
639 3077 746 3138 Quintil.
757 3078 799 3125 In·
845 3070 899 3118 lum
924 3071 1004 3120 adhuc
1026 3078 1143 3135 gesserat.
1163 3070 1286 3131 Quaestor
1302 3072 1397 3132 factus,

252 3158 302 3206 stit.
322 3156 391 3205 Orat.
409 3159 486 3206 VIII.
505 3164 528 3207 3,
547 3158 604 3208 Nec
618 3158 801 3216 advicroriam‚
845 3158 941 3213 poterat
957 3153 1052 3200 maiora
1070 3153 1250 3216 concupiscere.
1262 3153 1397 3213 Quomodo

253 3237 297 3284 seii
320 3235 355 3284 ad
378 3235 454 3284 sotum
470 3238 548 3298 finem
565 3239 647 3287 laudis
665 3248 688 3286 et
704 3238 801 3302 pioriae
846 3232 1032 3293 p1·ivatus,sine
1040 3234 1333 3296 honore‚ooncupiscere
1341 3248 1397 3296 pos·

254 3315 346 3365 tendat.
365 3317 432 3366 Ptin.
451 3317 531 3381 Epist,
541 3319 576 3366 V.
588 3323 625 3366 12,
637 3316 682 3366 Me
691 3317 801 3366 adrectis
846 3320 883 3360 set
899 3315 1005 3373 maiora,
1016 3332 1066 3364 non
1084 3316 1205 3378 intelligo.
1224 3314 1341 3363 Fortasse
1358 3316 1396 3362 in-

252 3397 403 3447 tendentibus
428 3399 502 3462 qnosi
526 3397 651 3464 exemplar
676 3415 728 3447 esse
742 3417 800 3464 pro·
846 3393 1399 3456 terpretemurmaioranttiriaemuneratSed

250 3481 366 3544 positam.
402 3481 454 3531 Sed
485 3482 578 3530 mirum
602 3481 665 3530 mihi
690 3482 800 3541 videtur,
848 3491 977 3540 capessere
985 3477 1146 3541 mapistratos
1155 3477 1275 3525 studebat.
1291 3475 1398 3538 Agrico-

252 3564 320 3624 quod
346 3563 447 3610 Tacitus
472 3563 534 3612 iilud
558 3564 745 3612 matrimonium
767 3565 802 3611 ita
846 3557 1399 3622 lam‚siistalegisset‚nonprobatummluisse

252 3641 345 3688 laudat.
381 3642 427 3688 Est
443 3643 470 3689 in
486 3644 628 3693 laudatione
644 3645 728 3694 neseio
741 3645 802 3708 quid
847 3638 1398 3705 credoPraetereoTacitusssnspicionemiae-

255 3721 377 3784 Agricola
393 3729 418 3770 et
427 3723 480 3784 ipso
490 3723 578 3772 Tacito
594 3726 678 3774 minus
687 3727 800 3787 dIgnum.
847 3721 940 3770 tantiae
956 3737 1007 3770 non
1017 3723 1076 3770 satis
1084 3706 1157 3770 eadit.
1175 3720 1286 3770 Omnino
1295 3720 1399 3768 sufficie-

255 3802 376 3864 Agricola
393 3802 440 3850 sibi
457 3803 540 3851 iunxit
557 3803 732 3864 Deoidianom,
750 3805 801 3868 ipse
848 3803 890 3849 bat
914 3817 1026 3852 namasse
1051 3818 1148 3852 socrum
1173 3799 1310 3866 splendidis
1326 3808 1398 3849 nata-

253 3884 327 3948 legit,
350 3883 421 3946 petiit
442 3898 549 3934 uxorem
570 3898 661 3948 genere
678 3891 730 3936 tom
747 3886 802 3934 illu·
849 3881 910 3932 lidos
928 3898 980 3932 ease
997 3893 1084 3933 ortam.
1119 3883 1201 3932 Nemo
1219 3880 1399 3945 iniqneferret.

253 3964 297 4012 stri
322 3971 415 4012 notam.
437 3964 526 4016 Fuisse
548 3967 632 4015 bonam
648 3981 710 4016 mox
726 3967 802 4014 verbo
850 3962 901 4012 Sed
925 3965 946 4012 si
972 3964 1093 4027 Agricola
1113 3971 1211 4012 tontum
1227 3964 1302 4011 decus
1318 3969 1344 4012 et
1360 3978 1399 4010 ro·

250 4051 415 4104 memoratur,
433 4052 458 4094 ot
474 4060 508 4095 ex
523 4049 655 4097 concordia
668 4051 803 4110 mutuaque
848 4046 894 4094 bur
927 4047 959 4094 ab
991 4061 1071 4095 uxore
1101 4045 1296 4101 nancisceretur,
1322 4055 1401 4106 gener

252 4127 353 4176 caritate
383 4127 527 4178 ostenditur.
563 4129 620 4176 Hoc
650 4129 704 4176 sine
728 4129 802 4176 dubio
848 4139 919 4174 suam
939 4127 998 4176 inde
1015 4133 1109 4190 partem
1127 4132 1296 4189 exspectasse,
1313 4137 1400 4186 quom·

254 4207 389 4269 Agricolae
405 4209 484 4272 pluris
502 4215 569 4268 erat,
586 4223 663 4272 quam
679 4209 803 4271 splendidi
848 4220 923 4269 quam
948 4223 1000 4256 non
1024 4209 1180 4272 profiteatur,
1205 4213 1290 4254 tamen
1307 4205 1400 4254 iutelli-

253 4289 359 4345 natales,
386 4295 459 4353 atque
485 4291 521 4338 ita
536 4291 604 4354 prins
622 4291 716 4339 dietum
732 4305 802 4354 opor·
848 4288 922 4350 gitur.
942 4289 1039 4347 Verbo,
1057 4289 1084 4336 ni
1101 4288 1186 4346 fallor,
1204 4293 1261 4336 sont
1278 4285 1400 4350 glossato-

252 4368 346 4416 tnisset.
382 4369 434 4418 Sed
454 4385 520 4420 uxor
542 4371 611 4420 utilis
629 4377 681 4421 erat
698 4372 801 4430 marito,
847 4369 897 4428 ris,
915 4375 939 4419 et
957 4371 1059 4419 Tacitus
1076 4369 1185 4432 scripsit:
1200 4365 1337 4416 Domitiam
1347 4363 1401 4414 De·

252 4447 296 4512 qni
330 4451 361 4498 ad
385 4451 479 4499 maiore
505 4453 632 4501 niteretur.
669 4453 701 4500 In
727 4453 802 4502 verbo
849 4449 983 4510 cidionnm,
1010 4448 1147 4514 splendidis
1170 4446 1294 4498 natalibus
1320 4455 1401 4496 ortam
