3074 5310
650 527 825 575 aaarcons.
1248 518 1309 578 tau

157 701 268 770 bernis
306 697 470 786 legionum
506 708 538 762 et
574 697 766 784 possessione
789 694 981 762 dubitatum.
1031 696 1077 762 lta
1100 717 1175 763 oum
1192 697 1308 764 damna

155 807 288 874 damnis
319 804 603 879 continuarentur,
629 812 726 890 atque
749 802 851 866 omnis
876 821 977 866 annus
1000 801 1163 868 funeribus
1186 815 1218 870 ot
1241 803 1308 868 oia·

154 913 254 979 dibus
291 910 517 1000 insigniretur,
544 905 733 996 posoehatar
755 927 813 971 ore
833 905 920 994 ruiqi
943 906 1006 972 dur
1031 907 1195 997 Agricola,
1220 930 1307 974 com-

154 1017 345 1108 parantibus
379 1012 502 1080 cunetis
525 1013 664 1101 vigorem
689 1023 720 1076 et
742 1012 951 1076 constantiam
975 1024 1007 1078 et
1030 1027 1195 1104 expertum
1216 1014 1307 1079 beiiis

157 1124 304 1190 animum
339 1143 413 1187 oum
449 1119 563 1184 inertia
594 1130 626 1184 et
649 1115 818 1182 formidine
841 1139 967 1184 eorum.
1013 1120 1134 1206 Quibus
1158 1120 1308 1188 sermoni·

157 1365 245 1432 copti;
268 1378 312 1413 nea
327 1364 378 1414 iam
394 1362 424 1413 de
441 1363 518 1414 limite
535 1371 559 1413 et
575 1364 650 1430 ripa,
668 1361 714 1413 sed
752 1364 826 1429 sesto
854 1363 948 1429 aqmine
973 1366 1035 1416 isset
1051 1363 1194 1428 Hannibal,
1219 1375 1246 1418 et
1268 1384 1307 1418 ea·

157 1448 193 1498 aie
219 1446 325 1496 bibernis
340 1445 458 1511 ieqionuns
475 1452 499 1493 et
513 1445 669 1510 possessione
686 1443 729 1494 du·
759 1445 874 1495 baustanr
886 1445 1018 1496 deductibus
1027 1444 1143 1508 Itadam,
1149 1465 1232 1515 prope
1240 1459 1308 1514 qnot-

157 1530 278 1590 bitatum,
303 1528 321 1578 i.
346 1541 369 1577 o.
386 1529 419 1578 tie
431 1528 586 1591 possessione
603 1531 712 1576 totamm
758 1527 830 1576 annis
847 1528 972 1578 exereitus·
989 1544 1074 1578 caesos
1091 1531 1266 1593 querebamur,
1279 1539 1308 1582 tat

154 1614 304 1678 regionum,
328 1611 530 1678 provinciarum,
546 1623 611 1674 quas
625 1608 710 1658 Danu·
758 1609 883 1672 praeclare
916 1609 1059 1660 emendarit
1090 1609 1232 1662 Gronovius
1255 1626 1308 1662 aor-

154 1697 215 1746 bius
230 1689 259 1744 in
276 1694 374 1744 Moesia
391 1693 519 1755 Dasioque
535 1696 560 1740 et
576 1691 710 1740 Pannonis
758 1695 861 1753 ruptum
874 1707 924 1756 pro
940 1707 968 1740 re
984 1689 1051 1756 quod
1065 1693 1145 1741 annia.
1169 1689 1249 1742 Omnis
1266 1707 1308 1741 an·

155 1784 183 1828 et
205 1776 310 1826 Rhenus
325 1777 353 1825 in
369 1774 507 1825 Germania
522 1772 707 1837 praeterfluunt.
757 1787 803 1819 nus
827 1771 957 1821 funeribus
980 1771 1127 1836 insignitur,
1153 1779 1205 1834 ast,
1229 1780 1307 1837 puto,

155 1857 315 1922 Tranaposui
337 1855 413 1905 mutui
429 1852 585 1904 Pamtoniam
602 1855 634 1902 sti
649 1853 708 1903 rici·
754 1858 822 1902 totus
854 1853 900 1902 illo
923 1867 1016 1913 annm,
1042 1853 1074 1902 da
1097 1868 1148 1918 quo
1172 1853 1306 1919 loquimur.

54 1970 60 1979 ·
154 1955 204 1991 nas
230 1937 353 1989 Moesiam
378 1942 403 1986 et
427 1935 541 1986 Datim
575 1932 647 2000 Ripa
672 1941 709 1986 ast
756 1934 832 1995 Quod
857 1935 880 1985 si
905 1935 1160 1998 itesst,lagendam
1176 1941 1306 1985 metzam·

155 2019 319 2072 Germaniae,
352 2017 456 2066 Rhenus
478 2022 563 2067 sutem
578 2017 709 2080 prsaoipna
754 2031 797 2064 nes
821 2017 881 2066 anni
904 2016 1088 2082 insiqnirentar.
1115 2015 1206 2066 Unmn
1220 2023 1308 2068 eontra

154 2103 292 2153 vocabatur
305 2098 463 2166 ripa.'l*aoit
472 2094 709 2149 Germsu.tt.Pro·
754 2099 900 2162 exemplum
923 2099 1037 2159 mabit,
1063 2111 1106 2148 mo
1120 2097 1213 2148 trusus
1236 2099 1307 2149 dubi·

155 2184 218 2234 nimi
242 2183 323 2248 ripae.
356 2180 414 2230 Hoo
438 2193 490 2229 non
515 2180 709 2231 recordabantur
755 2185 831 2230 tasso.

153 2266 206 2316 viri
230 2264 297 2314 dotti
317 2262 350 2313 ad
372 2261 625 2324 EumeniiPunegyr.
644 2259 709 2310 Con·
793 2259 854 2310 &aaa
884 2262 979 2312 insertio
1007 2269 1032 2310 et
1051 2260 1194 2325 formidine
1217 2277 1305 2312 meam.

156 2347 246 2398 mantii
264 2350 302 2395 to.
316 2341 354 2394 Tu
363 2343 438 2404 enim,
448 2341 589 2408 Imperator
597 2347 709 2400 aeterrse,
756 2342 801 2394 Sic
816 2344 909 2408 legitur
925 2345 954 2393 in
968 2343 1033 2393 Mn.
1050 2343 1133 2392 Varie.
1150 2343 1307 2408 Inmnrghs

155 2436 258 2496 repente
278 2425 365 2476 Rheno
381 2422 510 2484 institisti,
527 2437 664 2486 ornnemque
680 2421 709 2471 it·
754 2426 845 2486 unius,
862 2425 969 2474 inertiae
983 2431 1007 2472 et
1010 2423 1156 2488 formidini.
1174 2425 1305 2475 Nimirum

155 2511 207 2561 lum
226 2508 326 2559 limitem
341 2523 388 2556 non
404 2503 558 2571 equestribus
574 2517 651 2566 neque
665 2517 708 2568 po·
755 2508 798 2557 alii
823 2509 971 2570 glossatoroa
987 2505 1164 2570 suppleverunt
1181 2522 1233 2555 eum
1243 2509 1303 2572 for·

155 2591 278 2642 destribus
302 2587 396 2655 copiis,
414 2585 460 2638 sed
471 2585 634 2654 praesentiae
651 2593 708 2634 tuae
754 2586 843 2637 midine
859 2595 884 2636 st
900 2585 993 2637 inertia
1008 2601 1103 2647 eorum,
1120 2587 1163 2637 alii
1167 2587 1305 2652 formidini

155 2683 252 2724 terrore
276 2679 373 2721 tutatus
396 2685 431 2718 es.
458 2665 629 2724 Quantasiibet
644 2664 708 2716 uale-
754 2677 779 2718 et
795 2669 907 2718 inertiae.
926 2670 1033 2732 Insuper
1046 2668 1115 2718 atiud
1131 2670 1303 2733 glossampra

155 2755 199 2804 bat
205 2752 328 2802 exereitus
338 2748 510 2800 Maximianus
516 2749 546 2799 in
553 2749 622 2814 ripa.
633 2747 708 2810 Quod
753 2751 798 2800 dit.
817 2751 919 2800 Tacitus
936 2763 1011 2814 snpra
1026 2749 1136 2813 culpavit
1145 2750 1303 2800 terrenitatem

153 2836 240 2885 hostes
262 2833 383 2883 videbant
404 2830 593 2882 Maximianum
609 2831 637 2879 in
653 2829 708 2892 ripa
753 2841 778 2880 et
802 2832 925 2897 iqnauiam
949 2831 1047 2890 dueum,
1071 2845 1141 2880 nuno
1153 2831 1239 2882 laudat
1254 2831 1303 2881 rir-

154 2917 253 2976 Bheni,
270 2916 315 2966 illo
330 2913 412 2965 iimite
427 2913 526 2977 imperii
533 2911 707 2972 numantiae
752 2919 817 2962 tutes
834 2913 970 2963 contrarias
987 2911 1135 2975 Agricolae,
1156 2912 1264 2976 aiqorern
1279 2919 1303 2960 et

154 3003 210 3050 arnt
232 2999 312 3047 instar
336 3001 446 3045 totorum
463 2994 627 3044 exercituum.
646 2991 706 3042 Aei-
753 2993 915 3042 comtantiam
930 3005 1058 3056 opponens
1075 2991 1202 3057 iqnaoiae,
1219 2997 1244 3042 ot
1262 3007 1304 3041 ea·

156 3080 238 3130 dalius
253 3093 300 3143 pro
316 3077 342 3127 in
358 3075 419 3143 ripa
434 3074 537 3125 volebat
554 3069 705 3138 Iupania.
749 3082 849 3139 partum
873 3073 943 3124 bellis
968 3073 1073 3125 ammam
1098 3103 1132 3112 -
1157 3075 1299 3127 teneritati.

155 3155 307 3226 Imperator.
326 3158 483 3208 Ammonius
498 3155 602 3220 putabat
614 3153 641 3202 in
647 3152 708 3218 ripa
755 3153 825 3216 Quid
846 3169 909 3220 opus
925 3161 978 3205 orat
994 3156 1079 3208 denuo
1093 3157 1193 3222 oulpare
1209 3159 1303 3209 dueum

154 3241 297 3306 appositum
313 3229 434 3289 elasdbus
450 3237 476 3288 in
492 3237 564 3287 mari.
751 3235 866 3286 inertiam
890 3245 915 3286 et
930 3236 1110 3302 formidinem?
1133 3237 1301 3305 comparanti·

187 3321 272 3386 Atque
287 3320 363 3371 omnis
380 3335 458 3370 annus
469 3319 608 3385 funeribus
625 3326 648 3368 et
657 3317 706 3368 cia·
753 3317 816 3367 tibus
841 3318 935 3368 eunctis
958 3319 1081 3383 siparum,
1099 3321 1260 3371 constantiani
1277 3331 1301 3371 et

154 3401 227 3451 dibus
242 3399 413 3466 insiqniretur.
430 3401 541 3462 Dubito,
558 3415 591 3451 an
607 3401 644 3450 sio
660 3415 706 3448 om·
752 3407 880 3464 sapertun
895 3398 965 3449 bellis
980 3400 1099 3459 animum,
1114 3401 1219 3452 omnino
1235 3403 1302 3452 suffi-

153 3483 194 3533 nis
210 3497 289 3531 annus
304 3482 410 3532 usitatur
426 3497 472 3546 pro
489 3497 569 3531 omnes
584 3481 656 3541 anni,
670 3495 706 3530 se·
751 3479 835 3540 aiunt,
860 3487 885 3531 ot
905 3488 972 3532 reato
988 3482 1121 3531 absolvant
1137 3483 1299 3536 senteutiam:

152 3569 259 3628 quantes
271 3563 345 3623 unni,
362 3564 469 3626 singuli,
489 3561 631 3629 quotannis.
655 3559 707 3610 Orn-
752 3560 778 3610 in
794 3561 843 3611 hoo
858 3563 935 3612 verbo
951 3576 1024 3627 saepo
1040 3563 1301 3629 omittituriiludquo·

152 3659 196 3694 nes
212 3642 284 3705 anni,
301 3649 362 3695 uota
377 3644 478 3693 locutio.
497 3644 592 3707 Virgil.
603 3643 673 3693 Aen.
682 3643 706 3691 Ι.
751 3656 809 3692 aum
824 3641 924 3707 aliquid
938 3652 1105 3708 eomparatur.
1123 3646 1181 3694 Hoa
1198 3660 1231 3697 ox
1245 3661 1300 3696 son·

155 3729 195 3777 to.
227 3723 311 3775 Omnes
336 3732 364 3775 ut
381 3732 457 3774 tecum
473 3725 569 3776 meritis
582 3741 631 3790 pro
649 3723 705 3774 aaa·
750 3724 830 3776 tentia
853 3725 902 3776 looi
926 3726 1037 3777 officitur.
1071 3727 1123 3777 Hic
1139 3734 1217 3778 assat:
1234 3743 1301 3778 oom-

153 3809 198 3857 bus
223 3823 300 3857 armoe
321 3803 427 3872 Eaiqat.
445 3807 543 3856 Luoan.
561 3806 628 3856 VII.
646 3810 704 3854 421.
750 3808 896 3870 parantibus
913 3823 966 3856 aum
983 3809 1120 3859 temeritate
1137 3809 1183 3859 itia
1198 3811 1300 3874 atiqua-

161 3887 234 3938 Omne
251 3888 296 3938 tibi
311 3887 397 3939 bellum
412 3896 496 3952 qentes
514 3887 582 3938 dedit
597 3886 706 3936 omnibus
749 3886 792 3936 oia
800 3886 894 3938 dueum.
905 3889 987 3939 Tacit.
996 3889 1092 3940 Annei.
1102 3891 1156 3939 111.
1166 3895 1190 3939 5.
1199 3889 1298 3950 Fuere,

152 3969 225 4020 annis
250 3967 384 4020 Emathiae
402 3971 513 4034 funesta
536 3967 598 4018 dies.
631 3967 704 4020 Clau·
750 3967 794 4032 qui
815 3968 911 4033 publici
929 3971 1037 4034 funeris
1056 3987 1173 4036 pornpam
1190 3972 1300 4036 require·

154 4053 223 4102 dien.
250 4052 281 4102 de
306 4051 339 4101 B.
365 4049 453 4101 Getico
478 4055 535 4100 tto.
555 4047 626 4115 Ipsi,
644 4066 704 4114 quos
748 4057 816 4110 rent,
843 4059 1075 4116 compararentque,
1102 4067 1165 4115 qaae
1187 4053 1213 4101 in
1229 4051 1300 4102 Dru-

152 4133 261 4185 omnibus
282 4132 354 4182 aronis
376 4130 519 4189 Vastabam,
536 4130 701 4181 seruiredata'.
748 4145 813 4189 sum,
844 4139 944 4195 patrem
977 4131 1131 4193 Germanioi,
1157 4133 1249 4183 bonore
1275 4143 1300 4184 et

151 4215 185 4264 In
211 4214 289 4264 simili
312 4213 437 4265 sententia
460 4212 550 4262 Livius
572 4213 703 4276 quotannis
747 4210 880 4274 maqnifica
909 4210 1039 4277 Anqustus
1058 4214 1176 4280 fecisset.
1202 4215 1299 4266 Annei.

152 4295 262 4345 XXVI.
289 4299 331 4345 26.
362 4293 455 4354 Otium,
472 4301 500 4343 at
517 4292 591 4353 solet,
609 4294 701 4344 excitu·
747 4292 771 4341 Ι.
792 4290 1016 4357 tristimoniam
1032 4296 1203 4360 arraqantiam
1222 4301 1299 4350 saevi·

148 4377 185 4426 ait
206 4376 287 4442 plebis
311 4391 434 4426 rumores.-
459 4373 517 4425 beili
537 4372 700 4426 diuturnitate
746 4373 854 4436 tiamque
869 4373 922 4423 eiua
936 4373 1037 4440 (nempe
1047 4377 1178 4442 Angustus
1188 4380 1298 4450 Tiberii)

149 4465 174 4507 at
190 4465 303 4508 vastatos
319 4474 393 4523 apros
411 4457 479 4508 cirea
495 4456 588 4518 urbem,
605 4455 697 4518 quain·
744 4454 894 4521 inspexerit,
912 4458 1094 4524 comparatione
1111 4459 1242 4514 deterrima
1252 4467 1301 4517 sibi
