<?xml version="1.0" encoding="UTF-8"?>
<!DOCTYPE html PUBLIC "-//W3C//DTD XHTML 1.0 Transitional//EN"
    "http://www.w3.org/TR/xhtml1/DTD/xhtml1-transitional.dtd">
<html xmlns="http://www.w3.org/1999/xhtml" xml:lang="en" lang="en">
 <head>
  <title>
</title>
<meta http-equiv="Content-Type" content="text/html;charset=utf-8" />
  <meta name='ocr-system' content='tesseract 3.04.00' />
  <meta name='ocr-capabilities' content='ocr_page ocr_carea ocr_par ocr_line ocrx_word'/>
</head>
<body>
  <div class='ocr_page' id='page_1' title='image "./ccorneliitaciti09tacigoog/ccorneliitaciti09tacigoog_0141.png"; bbox 0 0 3130 5308; ppageno 0'>
   <div class='ocr_carea' id='block_1_1' title="bbox 249 507 946 570">
    <p class='ocr_par' dir='ltr' id='par_1_1' title="bbox 249 507 946 570">
     <span class='ocr_line' id='line_1_1' title="bbox 249 507 946 570; baseline -0.006 0"><span class='ocrx_word' id='word_1_1' title='bbox 249 507 312 570; x_wconf 72' lang='lat' dir='ltr'><strong>tta</strong></span> <span class='ocrx_word' id='word_1_2' title='bbox 666 521 817 570; x_wconf 76' lang='lat' dir='ltr'><strong>cornuin</strong></span> <span class='ocrx_word' id='word_1_3' title='bbox 842 520 946 569; x_wconf 81' lang='lat' dir='ltr'><strong>rrcrrr</strong></span> 
     </span>
    </p>
   </div>
   <div class='ocr_carea' id='block_1_2' title="bbox 242 687 1396 1409">
    <p class='ocr_par' dir='ltr' id='par_1_2' title="bbox 242 687 1396 1409">
     <span class='ocr_line' id='line_1_2' title="bbox 246 687 1394 779; baseline 0.003 -25"><span class='ocrx_word' id='word_1_4' title='bbox 246 700 389 779; x_wconf 86' lang='lat' dir='ltr'><strong>aspectus</strong></span> <span class='ocrx_word' id='word_1_5' title='bbox 421 701 453 754; x_wconf 92' lang='lat' dir='ltr'><strong>et</strong></span> <span class='ocrx_word' id='word_1_6' title='bbox 477 689 545 754; x_wconf 89' lang='lat' dir='ltr'><strong>auri</strong></span> <span class='ocrx_word' id='word_1_7' title='bbox 568 687 673 778; x_wconf 77' lang='lat' dir='ltr'><strong>fulgor</strong></span> <span class='ocrx_word' id='word_1_8' title='bbox 695 702 791 778; x_wconf 89' lang='lat' dir='ltr'><strong>atque</strong></span> <span class='ocrx_word' id='word_1_9' title='bbox 816 693 960 778; x_wconf 80' lang='lat' dir='ltr'>argenti,</span> <span class='ocrx_word' id='word_1_10' title='bbox 987 688 1071 778; x_wconf 92' lang='lat' dir='ltr'><strong>quod</strong></span> <span class='ocrx_word' id='word_1_11' title='bbox 1095 711 1202 778; x_wconf 90' lang='lat' dir='ltr'><strong>neque</strong></span> <span class='ocrx_word' id='word_1_12' title='bbox 1225 693 1306 779; x_wconf 77' lang='lat' dir='ltr'><strong>tegit</strong></span> <span class='ocrx_word' id='word_1_13' title='bbox 1330 714 1394 758; x_wconf 83' lang='lat' dir='ltr'><strong>ue-</strong></span> 
     </span>
     <span class='ocr_line' id='line_1_3' title="bbox 245 793 1395 884; baseline 0.002 -24"><span class='ocrx_word' id='word_1_14' title='bbox 245 817 308 884; x_wconf 87' lang='lat' dir='ltr'><strong>que</strong></span> <span class='ocrx_word' id='word_1_15' title='bbox 342 793 498 859; x_wconf 74' lang='lat' dir='ltr'><strong>vulnerat.</strong></span> <span class='ocrx_word' id='word_1_16' title='bbox 536 793 573 858; x_wconf 95' lang='lat' dir='ltr'><strong>Iu</strong></span> <span class='ocrx_word' id='word_1_17' title='bbox 610 795 676 883; x_wconf 88' lang='lat' dir='ltr'><strong>ipsa</strong></span> <span class='ocrx_word' id='word_1_18' title='bbox 699 795 838 860; x_wconf 87' lang='lat' dir='ltr'><strong>hostium</strong></span> <span class='ocrx_word' id='word_1_19' title='bbox 863 796 930 861; x_wconf 92' lang='lat' dir='ltr'><strong>acie</strong></span> <span class='ocrx_word' id='word_1_20' title='bbox 952 796 1149 880; x_wconf 82' lang='lat' dir='ltr'><strong>inveniemus</strong></span> <span class='ocrx_word' id='word_1_21' title='bbox 1173 809 1294 861; x_wconf 88' lang='lat' dir='ltr'><strong>nostras</strong></span> <span class='ocrx_word' id='word_1_22' title='bbox 1316 819 1395 864; x_wconf 84' lang='lat' dir='ltr'><strong>mu-</strong></span> 
     </span>
     <span class='ocr_line' id='line_1_4' title="bbox 243 896 1396 988; baseline 0.002 -24"><span class='ocrx_word' id='word_1_23' title='bbox 243 921 328 980; x_wconf 92' lang='lat' dir='ltr'><strong>nus;</strong></span> <span class='ocrx_word' id='word_1_24' title='bbox 368 909 538 988; x_wconf 76' lang='lat' dir='ltr'>agnoscent</span> <span class='ocrx_word' id='word_1_25' title='bbox 563 898 705 965; x_wconf 85' lang='lat' dir='ltr'>Britanni</span> <span class='ocrx_word' id='word_1_26' title='bbox 725 921 813 965; x_wconf 89' lang='lat' dir='ltr'><strong>suam</strong></span> <span class='ocrx_word' id='word_1_27' title='bbox 838 921 999 978; x_wconf 82' lang='lat' dir='ltr'>caussam,</span> <span class='ocrx_word' id='word_1_28' title='bbox 1025 899 1277 966; x_wconf 90' lang='lat' dir='ltr'><strong>recordabuntur</strong></span> <span class='ocrx_word' id='word_1_29' title='bbox 1304 896 1396 968; x_wconf 88' lang='lat' dir='ltr'><strong>Galli</strong></span> 
     </span>
     <span class='ocr_line' id='line_1_5' title="bbox 242 1005 1393 1096; baseline -0.003 -24"><span class='ocrx_word' id='word_1_30' title='bbox 242 1007 381 1096; x_wconf 85' lang='lat' dir='ltr'><strong>priorem</strong></span> <span class='ocrx_word' id='word_1_31' title='bbox 415 1005 615 1084; x_wconf 89' lang='lat' dir='ltr'><strong>libertatem,</strong></span> <span class='ocrx_word' id='word_1_32' title='bbox 640 1005 785 1074; x_wconf 79' lang='lat' dir='ltr'><strong>deserent</strong></span> <span class='ocrx_word' id='word_1_33' title='bbox 808 1005 878 1070; x_wconf 94' lang='lat' dir='ltr'><strong>illos</strong></span> <span class='ocrx_word' id='word_1_34' title='bbox 903 1006 999 1072; x_wconf 90' lang='lat' dir='ltr'><strong>ceteri</strong></span> <span class='ocrx_word' id='word_1_35' title='bbox 1024 1005 1197 1083; x_wconf 89' lang='lat' dir='ltr'><strong>Germani,</strong></span> <span class='ocrx_word' id='word_1_36' title='bbox 1222 1018 1393 1094; x_wconf 87' lang='lat' dir='ltr'><strong>tamquam</strong></span> 
     </span>
     <span class='ocr_line' id='line_1_6' title="bbox 243 1107 1394 1200; baseline -0.003 -22"><span class='ocrx_word' id='word_1_37' title='bbox 243 1134 346 1200; x_wconf 85' lang='lat' dir='ltr'><strong>nuper</strong></span> <span class='ocrx_word' id='word_1_38' title='bbox 377 1110 510 1199; x_wconf 86' lang='lat' dir='ltr'><strong>Usipetii</strong></span> <span class='ocrx_word' id='word_1_39' title='bbox 544 1109 752 1199; x_wconf 89' lang='lat' dir='ltr'><strong>reliquerunt.</strong></span> <span class='ocrx_word' id='word_1_40' title='bbox 784 1109 852 1176; x_wconf 88' lang='lat' dir='ltr'><strong>Nec</strong></span> <span class='ocrx_word' id='word_1_41' title='bbox 885 1111 1056 1198; x_wconf 90' lang='lat' dir='ltr'><strong>quicquam</strong></span> <span class='ocrx_word' id='word_1_42' title='bbox 1090 1109 1174 1174; x_wconf 88' lang='lat' dir='ltr'><strong>ultra</strong></span> <span class='ocrx_word' id='word_1_43' title='bbox 1196 1107 1394 1184; x_wconf 80' lang='lat' dir='ltr'><strong>formidinis3</strong></span> 
     </span>
     <span class='ocr_line' id='line_1_7' title="bbox 243 1214 1393 1303; baseline -0.003 -21"><span class='ocrx_word' id='word_1_44' title='bbox 243 1237 342 1282; x_wconf 82' lang='lat' dir='ltr'><strong>vacua</strong></span> <span class='ocrx_word' id='word_1_45' title='bbox 372 1214 520 1294; x_wconf 88' lang='lat' dir='ltr'><strong>castella,</strong></span> <span class='ocrx_word' id='word_1_46' title='bbox 556 1237 669 1280; x_wconf 91' lang='lat' dir='ltr'><strong>senum</strong></span> <span class='ocrx_word' id='word_1_47' title='bbox 704 1215 846 1281; x_wconf 92' lang='lat' dir='ltr'><strong>coloniae</strong></span> <span class='ocrx_word' id='word_1_48' title='bbox 860 1264 869 1294; x_wconf 90' lang='lat'>,</span> <span class='ocrx_word' id='word_1_49' title='bbox 905 1217 988 1281; x_wconf 89' lang='lat' dir='ltr'><strong>inter</strong></span> <span class='ocrx_word' id='word_1_50' title='bbox 1007 1215 1089 1280; x_wconf 91' lang='lat' dir='ltr'><strong>male</strong></span> <span class='ocrx_word' id='word_1_51' title='bbox 1112 1226 1258 1303; x_wconf 90' lang='lat' dir='ltr'><strong>parentes</strong></span> <span class='ocrx_word' id='word_1_52' title='bbox 1281 1227 1313 1280; x_wconf 92' lang='lat' dir='ltr'><strong>et</strong></span> <span class='ocrx_word' id='word_1_53' title='bbox 1339 1215 1393 1279; x_wconf 91' lang='lat' dir='ltr'><strong>iu-</strong></span> 
     </span>
     <span class='ocr_line' id='line_1_8' title="bbox 243 1316 1393 1409; baseline -0.002 -24"><span class='ocrx_word' id='word_1_54' title='bbox 243 1321 324 1387; x_wconf 89' lang='lat' dir='ltr'><strong>iuste</strong></span> <span class='ocrx_word' id='word_1_55' title='bbox 358 1319 547 1408; x_wconf 83' lang='lat' dir='ltr'><strong>imperantes</strong></span> <span class='ocrx_word' id='word_1_56' title='bbox 581 1341 674 1409; x_wconf 76' lang='lat' dir='ltr'><strong>aegra</strong></span> <span class='ocrx_word' id='word_1_57' title='bbox 707 1320 882 1409; x_wconf 89' lang='lat' dir='ltr'><strong>municipia</strong></span> <span class='ocrx_word' id='word_1_58' title='bbox 915 1333 947 1385; x_wconf 92' lang='lat' dir='ltr'><strong>et</strong></span> <span class='ocrx_word' id='word_1_59' title='bbox 982 1318 1205 1384; x_wconf 79' lang='lat' dir='ltr'><strong>discordantia.</strong></span> <span class='ocrx_word' id='word_1_60' title='bbox 1240 1317 1301 1384; x_wconf 88' lang='lat' dir='ltr'><strong>Hic</strong></span> <span class='ocrx_word' id='word_1_61' title='bbox 1325 1316 1393 1383; x_wconf 82' lang='lat' dir='ltr'><strong>dux</strong></span> 
     </span>
    </p>
   </div>
   <div class='ocr_carea' id='block_1_3' title="bbox 243 1523 1398 3046">
    <p class='ocr_par' dir='ltr' id='par_1_3' title="bbox 243 1523 1398 3046">
     <span class='ocr_line' id='line_1_9' title="bbox 243 1523 1395 1592; baseline -0.002 -14"><span class='ocrx_word' id='word_1_62' title='bbox 243 1527 354 1578; x_wconf 77' lang='lat' dir='ltr'><strong>videtur:</strong></span> <span class='ocrx_word' id='word_1_63' title='bbox 379 1523 490 1588; x_wconf 63' lang='lat' dir='ltr'><strong>malurn,</strong></span> <span class='ocrx_word' id='word_1_64' title='bbox 524 1541 596 1589; x_wconf 83' lang='lat' dir='ltr'><strong>quam</strong></span> <span class='ocrx_word' id='word_1_65' title='bbox 619 1524 712 1575; x_wconf 82' lang='lat' dir='ltr'><strong>uinctos</strong></span> <span class='ocrx_word' id='word_1_66' title='bbox 734 1525 793 1576; x_wconf 85' lang='lat' dir='ltr'><strong>mibi</strong></span> <span class='ocrx_word' id='word_1_67' title='bbox 838 1541 912 1592; x_wconf 90' lang='lat' dir='ltr'><strong>supra</strong></span> <span class='ocrx_word' id='word_1_68' title='bbox 927 1525 1021 1575; x_wconf 89' lang='lat' dir='ltr'><strong>lineam</strong></span> <span class='ocrx_word' id='word_1_69' title='bbox 1036 1525 1119 1588; x_wconf 86' lang='lat' dir='ltr'><strong>posuit</strong></span> <span class='ocrx_word' id='word_1_70' title='bbox 1136 1523 1296 1587; x_wconf 83' lang='lat' dir='ltr'><strong>reliquerunt.</strong></span> <span class='ocrx_word' id='word_1_71' title='bbox 1330 1523 1395 1576; x_wconf 88' lang='lat' dir='ltr'><strong>Om-</strong></span> 
     </span>
     <span class='ocr_line' id='line_1_10' title="bbox 244 1604 1396 1671; baseline -0.002 -13"><span class='ocrx_word' id='word_1_72' title='bbox 244 1607 362 1658; x_wconf 86' lang='lat' dir='ltr'><strong>trnderet.</strong></span> <span class='ocrx_word' id='word_1_73' title='bbox 388 1606 506 1656; x_wconf 86' lang='lat' dir='ltr'><strong>Ambros.</strong></span> <span class='ocrx_word' id='word_1_74' title='bbox 532 1604 606 1670; x_wconf 87' lang='lat' dir='ltr'><strong>Oper.</strong></span> <span class='ocrx_word' id='word_1_75' title='bbox 636 1606 667 1656; x_wconf 84' lang='lat' dir='ltr'><strong>T.</strong></span> <span class='ocrx_word' id='word_1_76' title='bbox 694 1607 733 1657; x_wconf 89' lang='lat'><strong>11.</strong></span> <span class='ocrx_word' id='word_1_77' title='bbox 766 1623 791 1671; x_wconf 92' lang='lat' dir='ltr'><strong>p.</strong></span> <span class='ocrx_word' id='word_1_78' title='bbox 838 1609 899 1656; x_wconf 89' lang='lat' dir='ltr'><strong>uiuo</strong></span> <span class='ocrx_word' id='word_1_79' title='bbox 916 1607 1016 1656; x_wconf 83' lang='lat' dir='ltr'><strong>sufficit:</strong></span> <span class='ocrx_word' id='word_1_80' title='bbox 1034 1604 1146 1654; x_wconf 81' lang='lat' dir='ltr'><strong>deserent</strong></span> <span class='ocrx_word' id='word_1_81' title='bbox 1162 1605 1219 1654; x_wconf 83' lang='lat' dir='ltr'><strong>ilios</strong></span> <span class='ocrx_word' id='word_1_82' title='bbox 1236 1604 1396 1670; x_wconf 32' lang='lat' dir='ltr'><strong>eeterilGer·</strong></span> 
     </span>
     <span class='ocr_line' id='line_1_11' title="bbox 244 1683 1395 1751; baseline 0 -15"><span class='ocrx_word' id='word_1_83' title='bbox 244 1691 303 1736; x_wconf 82' lang='lat'><strong>859.</strong></span> <span class='ocrx_word' id='word_1_84' title='bbox 325 1684 356 1738; x_wconf 78' lang='lat' dir='ltr'><strong>Si</strong></span> <span class='ocrx_word' id='word_1_85' title='bbox 371 1684 437 1735; x_wconf 85' lang='lat' dir='ltr'><strong>vobis</strong></span> <span class='ocrx_word' id='word_1_86' title='bbox 458 1686 560 1736; x_wconf 82' lang='lat' dir='ltr'><strong>iusserit</strong></span> <span class='ocrx_word' id='word_1_87' title='bbox 573 1685 728 1748; x_wconf 80' lang='lat' dir='ltr'><strong>Ambrosius,</strong></span> <span class='ocrx_word' id='word_1_88' title='bbox 742 1689 793 1737; x_wconf 87' lang='lat' dir='ltr'><strong>oin·</strong></span> <span class='ocrx_word' id='word_1_89' title='bbox 838 1687 917 1746; x_wconf 83' lang='lat' dir='ltr'><strong>mani,</strong></span> <span class='ocrx_word' id='word_1_90' title='bbox 945 1695 1068 1750; x_wconf 87' lang='lat' dir='ltr'><strong>tamquam</strong></span> <span class='ocrx_word' id='word_1_91' title='bbox 1087 1700 1165 1751; x_wconf 88' lang='lat' dir='ltr'><strong>nuper</strong></span> <span class='ocrx_word' id='word_1_92' title='bbox 1189 1683 1308 1751; x_wconf 85' lang='lat' dir='ltr'><strong>Usiperii,</strong></span> <span class='ocrx_word' id='word_1_93' title='bbox 1326 1687 1395 1736; x_wconf 85' lang='lat' dir='ltr'><strong>scili·</strong></span> 
     </span>
     <span class='ocr_line' id='line_1_12' title="bbox 245 1765 1393 1832; baseline 0 -14"><span class='ocrx_word' id='word_1_94' title='bbox 245 1776 351 1818; x_wconf 87' lang='lat' dir='ltr'><strong>ctumme</strong></span> <span class='ocrx_word' id='word_1_95' title='bbox 369 1765 482 1816; x_wconf 82' lang='lat' dir='ltr'><strong>tradetis.</strong></span> <span class='ocrx_word' id='word_1_96' title='bbox 500 1768 588 1816; x_wconf 88' lang='lat' dir='ltr'><strong>Valer.</strong></span> <span class='ocrx_word' id='word_1_97' title='bbox 603 1769 675 1818; x_wconf 86' lang='lat' dir='ltr'><strong>Max.</strong></span> <span class='ocrx_word' id='word_1_98' title='bbox 692 1770 758 1819; x_wconf 93' lang='lat' dir='ltr'><strong>VII.</strong></span> <span class='ocrx_word' id='word_1_99' title='bbox 768 1776 792 1818; x_wconf 82' lang='lat'><strong>4.</strong></span> <span class='ocrx_word' id='word_1_100' title='bbox 840 1775 880 1816; x_wconf 91' lang='lat' dir='ltr'><strong>cet</strong></span> <span class='ocrx_word' id='word_1_101' title='bbox 905 1765 1072 1816; x_wconf 76' lang='lat' dir='ltr'><strong>deserununt.</strong></span> <span class='ocrx_word' id='word_1_102' title='bbox 1090 1767 1159 1814; x_wconf 88' lang='lat' dir='ltr'><strong>Nota</strong></span> <span class='ocrx_word' id='word_1_103' title='bbox 1176 1767 1276 1830; x_wconf 86' lang='lat' dir='ltr'><strong>ellipsis.</strong></span> <span class='ocrx_word' id='word_1_104' title='bbox 1301 1767 1393 1832; x_wconf 79' lang='lat' dir='ltr'><strong>Agric.</strong></span> 
     </span>
     <span class='ocr_line' id='line_1_13' title="bbox 245 1844 1395 1913; baseline -0.002 -14"><span class='ocrx_word' id='word_1_105' title='bbox 245 1845 385 1913; x_wconf 70' lang='lat' dir='ltr'><strong>Spartiatam</strong></span> <span class='ocrx_word' id='word_1_106' title='bbox 408 1845 475 1896; x_wconf 86' lang='lat' dir='ltr'><strong>bonis</strong></span> <span class='ocrx_word' id='word_1_107' title='bbox 492 1850 721 1912; x_wconf 62' lang='lat' dir='ltr'><strong>propugnatoribus</strong></span> <span class='ocrx_word' id='word_1_108' title='bbox 738 1847 794 1900; x_wconf 80' lang='lat' dir='ltr'><strong>ciui·</strong></span> <span class='ocrx_word' id='word_1_109' title='bbox 840 1853 864 1898; x_wconf 82' lang='lat'><strong>2.</strong></span> <span class='ocrx_word' id='word_1_110' title='bbox 889 1844 959 1896; x_wconf 76' lang='lat' dir='ltr'><strong>Sicut</strong></span> <span class='ocrx_word' id='word_1_111' title='bbox 981 1855 1050 1896; x_wconf 89' lang='lat' dir='ltr'><strong>vetus</strong></span> <span class='ocrx_word' id='word_1_112' title='bbox 1068 1854 1140 1895; x_wconf 87' lang='lat' dir='ltr'><strong>aetas</strong></span> <span class='ocrx_word' id='word_1_113' title='bbox 1155 1845 1231 1907; x_wconf 87' lang='lat' dir='ltr'><strong>vidit,</strong></span> <span class='ocrx_word' id='word_1_114' title='bbox 1257 1847 1318 1912; x_wconf 85' lang='lat' dir='ltr'><strong>quid</strong></span> <span class='ocrx_word' id='word_1_115' title='bbox 1333 1847 1395 1898; x_wconf 80' lang='lat' dir='ltr'><strong>ulti·</strong></span> 
     </span>
     <span class='ocr_line' id='line_1_14' title="bbox 246 1927 1398 1993; baseline 0 -15"><span class='ocrx_word' id='word_1_116' title='bbox 246 1937 320 1978; x_wconf 88' lang='lat' dir='ltr'><strong>tatem</strong></span> <span class='ocrx_word' id='word_1_117' title='bbox 345 1935 438 1977; x_wconf 89' lang='lat' dir='ltr'><strong>tantum</strong></span> <span class='ocrx_word' id='word_1_118' title='bbox 464 1943 510 1978; x_wconf 88' lang='lat' dir='ltr'><strong>non</strong></span> <span class='ocrx_word' id='word_1_119' title='bbox 533 1929 623 1978; x_wconf 88' lang='lat' dir='ltr'><strong>vinctis</strong></span> <span class='ocrx_word' id='word_1_120' title='bbox 645 1931 754 1980; x_wconf 86' lang='lat' dir='ltr'><strong>manibus</strong></span> <span class='ocrx_word' id='word_1_121' title='bbox 772 1931 795 1980; x_wconf 89' lang='lat' dir='ltr'><strong>ei</strong></span> <span class='ocrx_word' id='word_1_122' title='bbox 840 1945 902 1978; x_wconf 89' lang='lat' dir='ltr'><strong>mum</strong></span> <span class='ocrx_word' id='word_1_123' title='bbox 918 1929 943 1977; x_wconf 83' lang='lat' dir='ltr'><strong>in</strong></span> <span class='ocrx_word' id='word_1_124' title='bbox 961 1927 1074 1977; x_wconf 84' lang='lat' dir='ltr'><strong>libertate</strong></span> <span class='ocrx_word' id='word_1_125' title='bbox 1093 1935 1169 1987; x_wconf 88' lang='lat' dir='ltr'><strong>esset,</strong></span> <span class='ocrx_word' id='word_1_126' title='bbox 1194 1927 1232 1976; x_wconf 87' lang='lat' dir='ltr'><strong>ita</strong></span> <span class='ocrx_word' id='word_1_127' title='bbox 1247 1943 1305 1990; x_wconf 89' lang='lat' dir='ltr'><strong>noa,</strong></span> <span class='ocrx_word' id='word_1_128' title='bbox 1331 1927 1398 1993; x_wconf 84' lang='lat' dir='ltr'><strong>quid</strong></span> 
     </span>
     <span class='ocr_line' id='line_1_15' title="bbox 246 2009 1009 2060; baseline -0.001 -1"><span class='ocrx_word' id='word_1_129' title='bbox 246 2009 361 2060; x_wconf 80' lang='lat' dir='ltr'><strong>tradidit.</strong></span> <span class='ocrx_word' id='word_1_130' title='bbox 396 2010 478 2058; x_wconf 86' lang='lat' dir='ltr'><strong>Tacit.</strong></span> <span class='ocrx_word' id='word_1_131' title='bbox 495 2009 563 2060; x_wconf 88' lang='lat' dir='ltr'><strong>Hist.</strong></span> <span class='ocrx_word' id='word_1_132' title='bbox 589 2010 701 2060; x_wconf 86' lang='lat' dir='ltr'><strong>111.1a.</strong></span> <span class='ocrx_word' id='word_1_133' title='bbox 735 2009 795 2059; x_wconf 87' lang='lat' dir='ltr'><strong>Huc</strong></span> <span class='ocrx_word' id='word_1_134' title='bbox 840 2009 866 2058; x_wconf 87' lang='lat' dir='ltr'><strong>in</strong></span> <span class='ocrx_word' id='word_1_135' title='bbox 885 2009 1009 2058; x_wconf 85' lang='lat' dir='ltr'><strong>seruitute.</strong></span> 
     </span>
     <span class='ocr_line' id='line_1_16' title="bbox 245 2087 1396 2156; baseline 0 -16"><span class='ocrx_word' id='word_1_136' title='bbox 245 2091 362 2142; x_wconf 85' lang='lat' dir='ltr'><strong>cecidisse</strong></span> <span class='ocrx_word' id='word_1_137' title='bbox 386 2087 526 2142; x_wconf 74' lang='lat' dir='ltr'><strong>Germanici</strong></span> <span class='ocrx_word' id='word_1_138' title='bbox 542 2090 662 2140; x_wconf 74' lang='lat' dir='ltr'><strong>sancitus</strong></span> <span class='ocrx_word' id='word_1_139' title='bbox 678 2089 795 2156; x_wconf 73' lang='lat' dir='ltr'><strong>pieriam,</strong></span> <span class='ocrx_word' id='word_1_140' title='bbox 876 2088 963 2154; x_wconf 74' lang='lat' dir='ltr'><strong>Aepra</strong></span> <span class='ocrx_word' id='word_1_141' title='bbox 971 2087 1112 2154; x_wconf 84' lang='lat' dir='ltr'><strong>municipia.</strong></span> <span class='ocrx_word' id='word_1_142' title='bbox 1123 2087 1168 2138; x_wconf 88' lang='lat' dir='ltr'><strong>Sic</strong></span> <span class='ocrx_word' id='word_1_143' title='bbox 1176 2088 1308 2139; x_wconf 83' lang='lat' dir='ltr'><strong>Vaticana.</strong></span> <span class='ocrx_word' id='word_1_144' title='bbox 1318 2087 1357 2139; x_wconf 84' lang='lat' dir='ltr'><strong>At</strong></span> <span class='ocrx_word' id='word_1_145' title='bbox 1366 2092 1396 2140; x_wconf 90' lang='lat' dir='ltr'><strong>in</strong></span> 
     </span>
     <span class='ocr_line' id='line_1_17' title="bbox 246 2169 1397 2235; baseline 0.002 -15"><span class='ocrx_word' id='word_1_146' title='bbox 246 2179 274 2220; x_wconf 90' lang='lat' dir='ltr'><strong>ut</strong></span> <span class='ocrx_word' id='word_1_147' title='bbox 299 2171 350 2220; x_wconf 86' lang='lat' dir='ltr'><strong>aine</strong></span> <span class='ocrx_word' id='word_1_148' title='bbox 363 2169 476 2234; x_wconf 84' lang='lat' dir='ltr'><strong>proelio,</strong></span> <span class='ocrx_word' id='word_1_149' title='bbox 493 2169 545 2218; x_wconf 86' lang='lat' dir='ltr'><strong>sine</strong></span> <span class='ocrx_word' id='word_1_150' title='bbox 562 2170 673 2230; x_wconf 88' lang='lat' dir='ltr'><strong>vulnere,</strong></span> <span class='ocrx_word' id='word_1_151' title='bbox 699 2171 795 2220; x_wconf 84' lang='lat' dir='ltr'><strong>vinctas</strong></span> <span class='ocrx_word' id='word_1_152' title='bbox 841 2171 955 2234; x_wconf 83' lang='lat' dir='ltr'><strong>margine</strong></span> <span class='ocrx_word' id='word_1_153' title='bbox 980 2171 1113 2235; x_wconf 85' lang='lat' dir='ltr'><strong>mancipia.</strong></span> <span class='ocrx_word' id='word_1_154' title='bbox 1148 2171 1207 2219; x_wconf 87' lang='lat' dir='ltr'><strong>Hoc</strong></span> <span class='ocrx_word' id='word_1_155' title='bbox 1231 2171 1340 2222; x_wconf 85' lang='lat' dir='ltr'><strong>Wexius</strong></span> <span class='ocrx_word' id='word_1_156' title='bbox 1356 2172 1397 2222; x_wconf 87' lang='lat' dir='ltr'><strong>in·</strong></span> 
     </span>
     <span class='ocr_line' id='line_1_18' title="bbox 246 2248 1397 2317; baseline 0.001 -16"><span class='ocrx_word' id='word_1_157' title='bbox 246 2265 332 2301; x_wconf 84' lang='lat' dir='ltr'><strong>manua</strong></span> <span class='ocrx_word' id='word_1_158' title='bbox 348 2258 372 2298; x_wconf 92' lang='lat' dir='ltr'><strong>et</strong></span> <span class='ocrx_word' id='word_1_159' title='bbox 389 2257 465 2314; x_wconf 86' lang='lat' dir='ltr'><strong>capta</strong></span> <span class='ocrx_word' id='word_1_160' title='bbox 480 2248 607 2299; x_wconf 86' lang='lat' dir='ltr'><strong>traderent</strong></span> <span class='ocrx_word' id='word_1_161' title='bbox 619 2257 706 2301; x_wconf 75' lang='lat' dir='ltr'><strong>erma?</strong></span> <span class='ocrx_word' id='word_1_162' title='bbox 723 2253 796 2302; x_wconf 89' lang='lat' dir='ltr'><strong>Idem</strong></span> <span class='ocrx_word' id='word_1_163' title='bbox 841 2258 997 2316; x_wconf 87' lang='lat' dir='ltr'><strong>terpretatur.</strong></span> <span class='ocrx_word' id='word_1_164' title='bbox 1031 2253 1088 2315; x_wconf 84' lang='lat' dir='ltr'><strong>Ego</strong></span> <span class='ocrx_word' id='word_1_165' title='bbox 1112 2250 1247 2317; x_wconf 83' lang='lat' dir='ltr'><strong>municipia</strong></span> <span class='ocrx_word' id='word_1_166' title='bbox 1270 2251 1397 2317; x_wconf 79' lang='lat' dir='ltr'><strong>praefero.</strong></span> 
     </span>
     <span class='ocr_line' id='line_1_19' title="bbox 246 2329 1397 2392; baseline -0.002 -8"><span class='ocrx_word' id='word_1_167' title='bbox 246 2333 269 2384; x_wconf 90' lang='lat'><strong>1.</strong></span> <span class='ocrx_word' id='word_1_168' title='bbox 294 2334 333 2382; x_wconf 83' lang='grc'><strong>79.</strong></span> <span class='ocrx_word' id='word_1_169' title='bbox 366 2329 433 2380; x_wconf 88' lang='lat' dir='ltr'><strong>velut</strong></span> <span class='ocrx_word' id='word_1_170' title='bbox 448 2330 525 2380; x_wconf 83' lang='lat' dir='ltr'><strong>vincti</strong></span> <span class='ocrx_word' id='word_1_171' title='bbox 541 2329 711 2382; x_wconf 81' lang='lat' dir='ltr'><strong>caedebantur.</strong></span> <span class='ocrx_word' id='word_1_172' title='bbox 841 2333 902 2382; x_wconf 86' lang='lat' dir='ltr'><strong>Una</strong></span> <span class='ocrx_word' id='word_1_173' title='bbox 913 2339 965 2382; x_wconf 85' lang='lat' dir='ltr'><strong>eret</strong></span> <span class='ocrx_word' id='word_1_174' title='bbox 973 2332 1073 2382; x_wconf 88' lang='lat' dir='ltr'><strong>colonie</strong></span> <span class='ocrx_word' id='word_1_175' title='bbox 1080 2331 1295 2392; x_wconf 82' lang='lat' dir='ltr'><strong>Camulodunum,</strong></span> <span class='ocrx_word' id='word_1_176' title='bbox 1311 2347 1397 2382; x_wconf 88' lang='lat' dir='ltr'><strong>uuum</strong></span> 
     </span>
     <span class='ocr_line' id='line_1_20' title="bbox 282 2409 1396 2477; baseline 0.001 -16"><span class='ocrx_word' id='word_1_177' title='bbox 282 2410 355 2469; x_wconf 83' lang='lat' dir='ltr'><strong>Quod</strong></span> <span class='ocrx_word' id='word_1_178' title='bbox 379 2427 456 2476; x_wconf 88' lang='lat' dir='ltr'><strong>neque</strong></span> <span class='ocrx_word' id='word_1_179' title='bbox 481 2409 542 2475; x_wconf 76' lang='lat' dir='ltr'><strong>teyit</strong></span> <span class='ocrx_word' id='word_1_180' title='bbox 566 2427 643 2476; x_wconf 88' lang='lat' dir='ltr'><strong>neque</strong></span> <span class='ocrx_word' id='word_1_181' title='bbox 673 2412 794 2464; x_wconf 85' lang='lat' dir='ltr'><strong>vulnerat.</strong></span> <span class='ocrx_word' id='word_1_182' title='bbox 841 2415 1018 2477; x_wconf 88' lang='lat' dir='ltr'><strong>municipium,</strong></span> <span class='ocrx_word' id='word_1_183' title='bbox 1053 2414 1234 2464; x_wconf 84' lang='lat' dir='ltr'><strong>Verulamium.</strong></span> <span class='ocrx_word' id='word_1_184' title='bbox 1266 2413 1396 2474; x_wconf 86' lang='lat' dir='ltr'><strong>Plurelis,</strong></span> 
     </span>
     <span class='ocr_line' id='line_1_21' title="bbox 248 2493 1396 2555; baseline 0 -11"><span class='ocrx_word' id='word_1_185' title='bbox 248 2493 380 2544; x_wconf 85' lang='lat' dir='ltr'><strong>Sententia</strong></span> <span class='ocrx_word' id='word_1_186' title='bbox 404 2495 435 2542; x_wconf 88' lang='lat' dir='ltr'><strong>ab</strong></span> <span class='ocrx_word' id='word_1_187' title='bbox 458 2493 582 2544; x_wconf 86' lang='lat' dir='ltr'><strong>historicis</strong></span> <span class='ocrx_word' id='word_1_188' title='bbox 606 2496 675 2544; x_wconf 87' lang='lat' dir='ltr'><strong>varie</strong></span> <span class='ocrx_word' id='word_1_189' title='bbox 699 2499 795 2544; x_wconf 85' lang='lat' dir='ltr'><strong>oruata.</strong></span> <span class='ocrx_word' id='word_1_190' title='bbox 840 2503 869 2544; x_wconf 89' lang='lat' dir='ltr'><strong>ut</strong></span> <span class='ocrx_word' id='word_1_191' title='bbox 885 2501 987 2555; x_wconf 88' lang='lat' dir='ltr'><strong>notum,</strong></span> <span class='ocrx_word' id='word_1_192' title='bbox 1005 2496 1032 2544; x_wconf 91' lang='lat' dir='ltr'><strong>in</strong></span> <span class='ocrx_word' id='word_1_193' title='bbox 1049 2495 1148 2544; x_wconf 86' lang='lat' dir='ltr'><strong>effectu.</strong></span> <span class='ocrx_word' id='word_1_194' title='bbox 1173 2495 1203 2545; x_wconf 87' lang='lat' dir='ltr'><strong>Si</strong></span> <span class='ocrx_word' id='word_1_195' title='bbox 1219 2495 1396 2544; x_wconf 87' lang='lat' dir='ltr'><strong>Latiuihabe·</strong></span> 
     </span>
     <span class='ocr_line' id='line_1_22' title="bbox 246 2573 1396 2640; baseline 0.003 -17"><span class='ocrx_word' id='word_1_196' title='bbox 246 2575 381 2636; x_wconf 82' lang='lat' dir='ltr'><strong>Eleganter</strong></span> <span class='ocrx_word' id='word_1_197' title='bbox 398 2573 513 2636; x_wconf 83' lang='lat' dir='ltr'><strong>Papirius</strong></span> <span class='ocrx_word' id='word_1_198' title='bbox 523 2576 588 2638; x_wconf 89' lang='lat' dir='ltr'><strong>apud</strong></span> <span class='ocrx_word' id='word_1_199' title='bbox 597 2575 700 2626; x_wconf 91' lang='lat' dir='ltr'><strong>Livium</strong></span> <span class='ocrx_word' id='word_1_200' title='bbox 710 2573 745 2624; x_wconf 87' lang='lat' dir='ltr'><strong>X.</strong></span> <span class='ocrx_word' id='word_1_201' title='bbox 754 2577 794 2624; x_wconf 82' lang='lat'><strong>39.</strong></span> <span class='ocrx_word' id='word_1_202' title='bbox 840 2583 896 2626; x_wconf 87' lang='lat' dir='ltr'><strong>rent</strong></span> <span class='ocrx_word' id='word_1_203' title='bbox 913 2577 1061 2635; x_wconf 85' lang='lat' dir='ltr'><strong>articulum,</strong></span> <span class='ocrx_word' id='word_1_204' title='bbox 1078 2577 1106 2624; x_wconf 93' lang='lat' dir='ltr'><strong>in</strong></span> <span class='ocrx_word' id='word_1_205' title='bbox 1121 2577 1170 2626; x_wconf 90' lang='lat' dir='ltr'><strong>hoe</strong></span> <span class='ocrx_word' id='word_1_206' title='bbox 1185 2577 1276 2640; x_wconf 88' lang='lat' dir='ltr'><strong>plurali</strong></span> <span class='ocrx_word' id='word_1_207' title='bbox 1294 2576 1396 2626; x_wconf 87' lang='lat' dir='ltr'><strong>omitte-</strong></span> 
     </span>
     <span class='ocr_line' id='line_1_23' title="bbox 247 2652 1397 2720; baseline 0.003 -17"><span class='ocrx_word' id='word_1_208' title='bbox 247 2652 308 2703; x_wconf 90' lang='lat' dir='ltr'><strong>Nan</strong></span> <span class='ocrx_word' id='word_1_209' title='bbox 332 2653 393 2702; x_wconf 88' lang='lat' dir='ltr'><strong>enim</strong></span> <span class='ocrx_word' id='word_1_210' title='bbox 418 2653 509 2702; x_wconf 88' lang='lat' dir='ltr'><strong>cristas</strong></span> <span class='ocrx_word' id='word_1_211' title='bbox 533 2653 635 2702; x_wconf 88' lang='lat' dir='ltr'><strong>vulnera</strong></span> <span class='ocrx_word' id='word_1_212' title='bbox 645 2657 753 2718; x_wconf 85' lang='lat' dir='ltr'><strong>secere:</strong></span> <span class='ocrx_word' id='word_1_213' title='bbox 772 2662 796 2704; x_wconf 88' lang='lat' dir='ltr'><strong>et</strong></span> <span class='ocrx_word' id='word_1_214' title='bbox 840 2663 905 2707; x_wconf 89' lang='lat' dir='ltr'><strong>rent.</strong></span> <span class='ocrx_word' id='word_1_215' title='bbox 940 2657 1069 2720; x_wconf 82' lang='lat' dir='ltr'><strong>Cogitatur</strong></span> <span class='ocrx_word' id='word_1_216' title='bbox 1091 2657 1160 2706; x_wconf 90' lang='lat' dir='ltr'><strong>enim</strong></span> <span class='ocrx_word' id='word_1_217' title='bbox 1176 2657 1307 2706; x_wconf 80' lang='lat' dir='ltr'><strong>discrimen</strong></span> <span class='ocrx_word' id='word_1_218' title='bbox 1325 2659 1397 2720; x_wconf 86' lang='lat' dir='ltr'><strong>quod</strong></span> 
     </span>
     <span class='ocr_line' id='line_1_24' title="bbox 243 2733 1396 2800; baseline 0.003 -16"><span class='ocrx_word' id='word_1_219' title='bbox 243 2750 293 2800; x_wconf 87' lang='lat' dir='ltr'><strong>per</strong></span> <span class='ocrx_word' id='word_1_220' title='bbox 310 2733 384 2799; x_wconf 85' lang='lat' dir='ltr'><strong>picta</strong></span> <span class='ocrx_word' id='word_1_221' title='bbox 400 2742 474 2797; x_wconf 85' lang='lat' dir='ltr'><strong>atque</strong></span> <span class='ocrx_word' id='word_1_222' title='bbox 490 2741 583 2782; x_wconf 87' lang='lat' dir='ltr'><strong>aurata</strong></span> <span class='ocrx_word' id='word_1_223' title='bbox 600 2743 671 2783; x_wconf 88' lang='lat' dir='ltr'><strong>scuta</strong></span> <span class='ocrx_word' id='word_1_224' title='bbox 689 2734 795 2784; x_wconf 86' lang='lat' dir='ltr'><strong>transire</strong></span> <span class='ocrx_word' id='word_1_225' title='bbox 840 2739 1046 2800; x_wconf 85' lang='lat' dir='ltr'><strong>graeoeestiuter</strong></span> <span class='ocrx_word' id='word_1_226' title='bbox 1056 2735 1396 2788; x_wconf 72' lang='lat' dir='ltr'><strong>dnoseieaeteidrrooutae.</strong></span> 
     </span>
     <span class='ocr_line' id='line_1_25' title="bbox 246 2811 1396 2884; baseline 0.004 -20"><span class='ocrx_word' id='word_1_227' title='bbox 246 2811 412 2864; x_wconf 83' lang='lat' dir='ltr'><strong>Romanorum</strong></span> <span class='ocrx_word' id='word_1_228' title='bbox 431 2811 520 2878; x_wconf 82' lang='lat' dir='ltr'><strong>pilum.</strong></span> <span class='ocrx_word' id='word_1_229' title='bbox 556 2815 645 2864; x_wconf 90' lang='lat' dir='ltr'><strong>Iustiu.</strong></span> <span class='ocrx_word' id='word_1_230' title='bbox 678 2813 727 2864; x_wconf 92' lang='lat' dir='ltr'><strong>XI.</strong></span> <span class='ocrx_word' id='word_1_231' title='bbox 756 2821 795 2864; x_wconf 83' lang='lat'><strong>13.</strong></span> <span class='ocrx_word' id='word_1_232' title='bbox 842 2819 981 2881; x_wconf 86' lang='lat' dir='ltr'><strong>Municipia</strong></span> <span class='ocrx_word' id='word_1_233' title='bbox 997 2820 1113 2868; x_wconf 88' lang='lat' dir='ltr'><strong>dicuntur</strong></span> <span class='ocrx_word' id='word_1_234' title='bbox 1129 2835 1224 2884; x_wconf 73' lang='lat' dir='ltr'><strong>aspra,</strong></span> <span class='ocrx_word' id='word_1_235' title='bbox 1240 2819 1299 2884; x_wconf 88' lang='lat' dir='ltr'><strong>quia</strong></span> <span class='ocrx_word' id='word_1_236' title='bbox 1315 2820 1344 2868; x_wconf 91' lang='lat' dir='ltr'><strong>iu</strong></span> <span class='ocrx_word' id='word_1_237' title='bbox 1361 2820 1396 2870; x_wconf 92' lang='lat' dir='ltr'><strong>iis</strong></span> 
     </span>
     <span class='ocr_line' id='line_1_26' title="bbox 246 2893 1396 2962; baseline 0.006 -17"><span class='ocrx_word' id='word_1_238' title='bbox 246 2893 388 2955; x_wconf 88' lang='lat' dir='ltr'><strong>Hortatur,</strong></span> <span class='ocrx_word' id='word_1_239' title='bbox 413 2902 531 2959; x_wconf 86' lang='lat' dir='ltr'><strong>spernant</strong></span> <span class='ocrx_word' id='word_1_240' title='bbox 555 2893 624 2943; x_wconf 83' lang='lat' dir='ltr'><strong>illam</strong></span> <span class='ocrx_word' id='word_1_241' title='bbox 641 2895 717 2944; x_wconf 87' lang='lat' dir='ltr'><strong>aciem</strong></span> <span class='ocrx_word' id='word_1_242' title='bbox 734 2911 795 2944; x_wconf 89' lang='lat' dir='ltr'><strong>auro</strong></span> <span class='ocrx_word' id='word_1_243' title='bbox 840 2906 946 2962; x_wconf 84' lang='lat' dir='ltr'><strong>regnaut</strong></span> <span class='ocrx_word' id='word_1_244' title='bbox 963 2901 1100 2950; x_wconf 81' lang='lat' dir='ltr'><strong>discordiae</strong></span> <span class='ocrx_word' id='word_1_245' title='bbox 1118 2902 1258 2952; x_wconf 82' lang='lat' dir='ltr'><strong>intestinae.</strong></span> <span class='ocrx_word' id='word_1_246' title='bbox 1283 2899 1396 2952; x_wconf 85' lang='lat' dir='ltr'><strong>Caussae</strong></span> 
     </span>
     <span class='ocr_line' id='line_1_27' title="bbox 247 2974 1395 3046; baseline 0.004 -21"><span class='ocrx_word' id='word_1_247' title='bbox 247 2983 271 3026; x_wconf 89' lang='lat' dir='ltr'><strong>et</strong></span> <span class='ocrx_word' id='word_1_248' title='bbox 291 2985 392 3041; x_wconf 74' lang='lat' dir='ltr'><strong>arpenta</strong></span> <span class='ocrx_word' id='word_1_249' title='bbox 412 2974 592 3041; x_wconf 79' lang='lat' dir='ltr'><strong>splendentem,</strong></span> <span class='ocrx_word' id='word_1_250' title='bbox 618 2975 643 3024; x_wconf 86' lang='lat' dir='ltr'><strong>in</strong></span> <span class='ocrx_word' id='word_1_251' title='bbox 666 2992 715 3040; x_wconf 84' lang='lat' dir='ltr'><strong>qua</strong></span> <span class='ocrx_word' id='word_1_252' title='bbox 735 2976 796 3042; x_wconf 85' lang='lat' dir='ltr'><strong>plus</strong></span> <span class='ocrx_word' id='word_1_253' title='bbox 840 2980 1019 3032; x_wconf 86' lang='lat' dir='ltr'><strong>discordiarum</strong></span> <span class='ocrx_word' id='word_1_254' title='bbox 1033 2982 1059 3030; x_wconf 89' lang='lat' dir='ltr'><strong>in</strong></span> <span class='ocrx_word' id='word_1_255' title='bbox 1076 2981 1273 3046; x_wconf 59' lang='lat' dir='ltr'><strong>magistratuum</strong></span> <span class='ocrx_word' id='word_1_256' title='bbox 1292 2982 1395 3031; x_wconf 91' lang='lat' dir='ltr'><strong>hiiuiu-</strong></span> 
     </span>
    </p>
   </div>
   <div class='ocr_carea' id='block_1_4' title="bbox 242 3055 795 3202">
    <p class='ocr_par' dir='ltr' id='par_1_4' title="bbox 242 3055 795 3202">
     <span class='ocr_line' id='line_1_28' title="bbox 242 3055 795 3124; baseline 0 -18"><span class='ocrx_word' id='word_1_257' title='bbox 242 3056 357 3124; x_wconf 88' lang='lat' dir='ltr'><strong>praedae</strong></span> <span class='ocrx_word' id='word_1_258' title='bbox 374 3073 446 3122; x_wconf 88' lang='lat' dir='ltr'><strong>quam</strong></span> <span class='ocrx_word' id='word_1_259' title='bbox 458 3057 568 3122; x_wconf 86' lang='lat' dir='ltr'><strong>periculi</strong></span> <span class='ocrx_word' id='word_1_260' title='bbox 584 3055 617 3106; x_wconf 86' lang='lat' dir='ltr'><strong>sit</strong></span> <span class='ocrx_word' id='word_1_261' title='bbox 626 3079 636 3114; x_wconf 86' lang='lat'><strong>,·</strong></span> <span class='ocrx_word' id='word_1_262' title='bbox 655 3073 706 3106; x_wconf 90' lang='lat' dir='ltr'><strong>cum</strong></span> <span class='ocrx_word' id='word_1_263' title='bbox 722 3057 795 3107; x_wconf 86' lang='lat' dir='ltr'><strong>victo·</strong></span> 
     </span>
     <span class='ocr_line' id='line_1_29' title="bbox 245 3137 795 3202; baseline 0.004 -16"><span class='ocrx_word' id='word_1_264' title='bbox 245 3137 287 3186; x_wconf 89' lang='lat' dir='ltr'><strong>ria</strong></span> <span class='ocrx_word' id='word_1_265' title='bbox 302 3154 348 3186; x_wconf 89' lang='lat' dir='ltr'><strong>non</strong></span> <span class='ocrx_word' id='word_1_266' title='bbox 364 3154 484 3186; x_wconf 75' lang='lat' dir='ltr'><strong>urniorum</strong></span> <span class='ocrx_word' id='word_1_267' title='bbox 497 3138 598 3199; x_wconf 88' lang='lat' dir='ltr'><strong>decore,</strong></span> <span class='ocrx_word' id='word_1_268' title='bbox 616 3138 660 3188; x_wconf 86' lang='lat' dir='ltr'><strong>sed</strong></span> <span class='ocrx_word' id='word_1_269' title='bbox 666 3139 740 3202; x_wconf 85' lang='lat' dir='ltr'><strong>ferri</strong></span> <span class='ocrx_word' id='word_1_270' title='bbox 747 3139 795 3188; x_wconf 85' lang='lat' dir='ltr'><strong>vir·</strong></span> 
     </span>
    </p>
   </div>
   <div class='ocr_carea' id='block_1_5' title="bbox 247 3217 794 3347">
    <p class='ocr_par' dir='ltr' id='par_1_5' title="bbox 247 3217 794 3347">
     <span class='ocr_line' id='line_1_30' title="bbox 247 3217 794 3283; baseline 0.007 -17"><span class='ocrx_word' id='word_1_271' title='bbox 247 3223 299 3266; x_wconf 85' lang='lat' dir='ltr'><strong>tute</strong></span> <span class='ocrx_word' id='word_1_272' title='bbox 315 3226 459 3280; x_wconf 83' lang='lat' dir='ltr'><strong>quaeratur.</strong></span> <span class='ocrx_word' id='word_1_273' title='bbox 469 3217 501 3268; x_wconf 83' lang='lat' dir='ltr'><strong>ci.</strong></span> <span class='ocrx_word' id='word_1_274' title='bbox 519 3220 628 3283; x_wconf 87' lang='lat' dir='ltr'><strong>Berneg.</strong></span> <span class='ocrx_word' id='word_1_275' title='bbox 646 3219 794 3270; x_wconf 86' lang='lat' dir='ltr'><strong>etFreinsh.</strong></span> 
     </span>
     <span class='ocr_line' id='line_1_31' title="bbox 247 3295 498 3347; baseline 0.004 -1"><span class='ocrx_word' id='word_1_276' title='bbox 247 3297 280 3346; x_wconf 86' lang='lat' dir='ltr'><strong>ad</strong></span> <span class='ocrx_word' id='word_1_277' title='bbox 296 3295 367 3346; x_wconf 77' lang='lat' dir='ltr'><strong>Cura</strong></span> <span class='ocrx_word' id='word_1_278' title='bbox 385 3297 439 3346; x_wconf 85' lang='grc' dir='ltr'><strong>ΙΙΙ.</strong></span> <span class='ocrx_word' id='word_1_279' title='bbox 461 3301 498 3347; x_wconf 90' lang='lat'><strong>11.</strong></span> 
     </span>
    </p>
   </div>
   <div class='ocr_carea' id='block_1_6' title="bbox 246 3374 795 3522">
    <p class='ocr_par' dir='ltr' id='par_1_6' title="bbox 246 3374 795 3522">
     <span class='ocr_line' id='line_1_32' title="bbox 280 3374 795 3442; baseline 0.004 -16"><span class='ocrx_word' id='word_1_280' title='bbox 280 3374 313 3426; x_wconf 90' lang='lat' dir='ltr'><strong>In</strong></span> <span class='ocrx_word' id='word_1_281' title='bbox 333 3376 391 3442; x_wconf 87' lang='lat' dir='ltr'><strong>ipsa</strong></span> <span class='ocrx_word' id='word_1_282' title='bbox 413 3377 517 3427; x_wconf 86' lang='lat' dir='ltr'><strong>bostium</strong></span> <span class='ocrx_word' id='word_1_283' title='bbox 533 3379 586 3428; x_wconf 88' lang='lat' dir='ltr'><strong>acie</strong></span> <span class='ocrx_word' id='word_1_284' title='bbox 599 3377 743 3428; x_wconf 82' lang='lat' dir='ltr'><strong>inveniemus</strong></span> <span class='ocrx_word' id='word_1_285' title='bbox 756 3395 795 3428; x_wconf 87' lang='lat' dir='ltr'><strong>no·</strong></span> 
     </span>
     <span class='ocr_line' id='line_1_33' title="bbox 246 3459 794 3522; baseline 0.005 -15"><span class='ocrx_word' id='word_1_286' title='bbox 246 3466 314 3508; x_wconf 85' lang='lat' dir='ltr'><strong>atras</strong></span> <span class='ocrx_word' id='word_1_287' title='bbox 338 3475 430 3509; x_wconf 89' lang='lat' dir='ltr'><strong>manus.</strong></span> <span class='ocrx_word' id='word_1_288' title='bbox 457 3460 592 3522; x_wconf 87' lang='lat' dir='ltr'><strong>Hostium,</strong></span> <span class='ocrx_word' id='word_1_289' title='bbox 610 3459 794 3522; x_wconf 87' lang='lat' dir='ltr'><strong>Romanorum,</strong></span> 
     </span>
    </p>
   </div>
   <div class='ocr_carea' id='block_1_7' title="bbox 841 3062 1396 3532">
    <p class='ocr_par' dir='ltr' id='par_1_7' title="bbox 841 3062 1396 3532">
     <span class='ocr_line' id='line_1_34' title="bbox 841 3062 1394 3126; baseline 0.005 -16"><span class='ocrx_word' id='word_1_290' title='bbox 841 3067 878 3110; x_wconf 86' lang='lat' dir='ltr'><strong>ste</strong></span> <span class='ocrx_word' id='word_1_291' title='bbox 894 3062 1030 3126; x_wconf 88' lang='lat' dir='ltr'><strong>imperent,</strong></span> <span class='ocrx_word' id='word_1_292' title='bbox 1039 3078 1099 3126; x_wconf 85' lang='lat' dir='ltr'><strong>ergo</strong></span> <span class='ocrx_word' id='word_1_293' title='bbox 1112 3064 1207 3114; x_wconf 87' lang='lat' dir='ltr'><strong>incolae</strong></span> <span class='ocrx_word' id='word_1_294' title='bbox 1215 3063 1284 3114; x_wconf 88' lang='lat' dir='ltr'><strong>male</strong></span> <span class='ocrx_word' id='word_1_295' title='bbox 1296 3067 1394 3126; x_wconf 80' lang='lat' dir='ltr'><strong>parent.</strong></span> 
     </span>
     <span class='ocr_line' id='line_1_35' title="bbox 841 3141 1396 3210; baseline 0.007 -20"><span class='ocrx_word' id='word_1_296' title='bbox 841 3141 1396 3210; x_wconf 85' lang='lat' dir='ltr'><strong>ProptereaiucolaequoqueaRomauisde-</strong></span> 
     </span>
     <span class='ocr_line' id='line_1_36' title="bbox 841 3223 1395 3291; baseline 0.004 -19"><span class='ocrx_word' id='word_1_297' title='bbox 841 3223 933 3272; x_wconf 82' lang='lat' dir='ltr'><strong>ficiunt.</strong></span> <span class='ocrx_word' id='word_1_298' title='bbox 951 3224 1037 3274; x_wconf 82' lang='lat' dir='ltr'><strong>Verba</strong></span> <span class='ocrx_word' id='word_1_299' title='bbox 1061 3225 1125 3274; x_wconf 82' lang='lat' dir='ltr'><strong>inter</strong></span> <span class='ocrx_word' id='word_1_300' title='bbox 1145 3235 1264 3291; x_wconf 85' lang='lat' dir='ltr'><strong>parentes</strong></span> <span class='ocrx_word' id='word_1_301' title='bbox 1281 3233 1303 3274; x_wconf 90' lang='lat' dir='ltr'><strong>et</strong></span> <span class='ocrx_word' id='word_1_302' title='bbox 1320 3225 1395 3289; x_wconf 84' lang='lat' dir='ltr'><strong>impe·</strong></span> 
     </span>
     <span class='ocr_line' id='line_1_37' title="bbox 841 3304 1396 3372; baseline 0.009 -23"><span class='ocrx_word' id='word_1_303' title='bbox 841 3311 925 3351; x_wconf 85' lang='lat' dir='ltr'><strong>rantes</strong></span> <span class='ocrx_word' id='word_1_304' title='bbox 933 3304 1017 3354; x_wconf 89' lang='lat' dir='ltr'><strong>minus</strong></span> <span class='ocrx_word' id='word_1_305' title='bbox 1033 3307 1143 3368; x_wconf 85' lang='lat' dir='ltr'><strong>pendent</strong></span> <span class='ocrx_word' id='word_1_306' title='bbox 1154 3309 1186 3356; x_wconf 86' lang='lat' dir='ltr'><strong>ab</strong></span> <span class='ocrx_word' id='word_1_307' title='bbox 1194 3323 1284 3372; x_wconf 71' lang='lat' dir='ltr'><strong>aspra,</strong></span> <span class='ocrx_word' id='word_1_308' title='bbox 1292 3321 1370 3370; x_wconf 88' lang='lat' dir='ltr'><strong>quam</strong></span> <span class='ocrx_word' id='word_1_309' title='bbox 1379 3320 1396 3354; x_wconf 84' lang='lat' dir='ltr'><strong>a</strong></span> 
     </span>
     <span class='ocr_line' id='line_1_38' title="bbox 841 3381 1395 3451; baseline 0.005 -20"><span class='ocrx_word' id='word_1_310' title='bbox 841 3381 1020 3434; x_wconf 84' lang='lat' dir='ltr'><strong>discordantia.</strong></span> <span class='ocrx_word' id='word_1_311' title='bbox 1038 3387 1131 3436; x_wconf 88' lang='lat' dir='ltr'><strong>Melius</strong></span> <span class='ocrx_word' id='word_1_312' title='bbox 1144 3393 1248 3451; x_wconf 85' lang='lat' dir='ltr'><strong>putem:</strong></span> <span class='ocrx_word' id='word_1_313' title='bbox 1265 3401 1395 3436; x_wconf 82' lang='lat' dir='ltr'><strong>eenamce-</strong></span> 
     </span>
     <span class='ocr_line' id='line_1_39' title="bbox 842 3462 1396 3532; baseline 0.007 -20"><span class='ocrx_word' id='word_1_314' title='bbox 842 3462 939 3525; x_wconf 86' lang='lat' dir='ltr'><strong>lom&#39;ae,</strong></span> <span class='ocrx_word' id='word_1_315' title='bbox 965 3481 1044 3530; x_wconf 77' lang='lat' dir='ltr'><strong>aepra</strong></span> <span class='ocrx_word' id='word_1_316' title='bbox 1059 3467 1195 3532; x_wconf 84' lang='lat' dir='ltr'><strong>municipia</strong></span> <span class='ocrx_word' id='word_1_317' title='bbox 1211 3475 1235 3516; x_wconf 87' lang='lat' dir='ltr'><strong>et</strong></span> <span class='ocrx_word' id='word_1_318' title='bbox 1250 3465 1311 3516; x_wconf 85' lang='lat' dir='ltr'><strong>inter</strong></span> <span class='ocrx_word' id='word_1_319' title='bbox 1328 3465 1396 3516; x_wconf 82' lang='lat' dir='ltr'><strong>nate</strong></span> 
     </span>
    </p>
   </div>
   <div class='ocr_carea' id='block_1_8' title="bbox 246 3540 1396 3614">
    <p class='ocr_par' dir='ltr' id='par_1_8' title="bbox 246 3540 1396 3614">
     <span class='ocr_line' id='line_1_40' title="bbox 246 3540 1396 3614; baseline 0.007 -26"><span class='ocrx_word' id='word_1_320' title='bbox 246 3541 278 3588; x_wconf 91' lang='lat' dir='ltr'><strong>de</strong></span> <span class='ocrx_word' id='word_1_321' title='bbox 294 3540 383 3603; x_wconf 88' lang='lat' dir='ltr'><strong>quibus</strong></span> <span class='ocrx_word' id='word_1_322' title='bbox 397 3541 477 3590; x_wconf 84' lang='lat' dir='ltr'><strong>adhue</strong></span> <span class='ocrx_word' id='word_1_323' title='bbox 492 3542 680 3608; x_wconf 83' lang='lat' dir='ltr'><strong>solisloquitur:</strong></span> <span class='ocrx_word' id='word_1_324' title='bbox 698 3550 796 3591; x_wconf 87' lang='lat' dir='ltr'><strong>nostras</strong></span> <span class='ocrx_word' id='word_1_325' title='bbox 838 3553 956 3609; x_wconf 87' lang='lat' dir='ltr'><strong>parentes</strong></span> <span class='ocrx_word' id='word_1_326' title='bbox 978 3553 1002 3594; x_wconf 92' lang='lat' dir='ltr'><strong>et</strong></span> <span class='ocrx_word' id='word_1_327' title='bbox 1024 3545 1113 3596; x_wconf 85' lang='lat' dir='ltr'><strong>iniuste</strong></span> <span class='ocrx_word' id='word_1_328' title='bbox 1137 3548 1283 3614; x_wconf 84' lang='lat' dir='ltr'><strong>imperantes</strong></span> <span class='ocrx_word' id='word_1_329' title='bbox 1300 3546 1396 3598; x_wconf 84' lang='lat' dir='ltr'><strong>discor·</strong></span> 
     </span>
    </p>
   </div>
   <div class='ocr_carea' id='block_1_9' title="bbox 246 3622 797 4497">
    <p class='ocr_par' dir='ltr' id='par_1_9' title="bbox 246 3622 797 4326">
     <span class='ocr_line' id='line_1_41' title="bbox 246 3622 797 3679; baseline 0.007 -11"><span class='ocrx_word' id='word_1_330' title='bbox 246 3635 346 3679; x_wconf 86' lang='lat' dir='ltr'><strong>manus,</strong></span> <span class='ocrx_word' id='word_1_331' title='bbox 371 3622 462 3670; x_wconf 89' lang='lat' dir='ltr'><strong>milites</strong></span> <span class='ocrx_word' id='word_1_332' title='bbox 487 3629 593 3671; x_wconf 90' lang='lat' dir='ltr'><strong>nostros.</strong></span> <span class='ocrx_word' id='word_1_333' title='bbox 619 3623 650 3673; x_wconf 84' lang='lat' dir='ltr'><strong>cf.</strong></span> <span class='ocrx_word' id='word_1_334' title='bbox 679 3622 747 3674; x_wconf 84' lang='lat' dir='ltr'><strong>Cart.</strong></span> <span class='ocrx_word' id='word_1_335' title='bbox 765 3624 797 3672; x_wconf 86' lang='lat' dir='ltr'><strong>ad</strong></span> 
     </span>
     <span class='ocr_line' id='line_1_42' title="bbox 247 3699 795 3768; baseline 0.007 -18"><span class='ocrx_word' id='word_1_336' title='bbox 247 3699 344 3750; x_wconf 86' lang='lat' dir='ltr'><strong>Lucan.</strong></span> <span class='ocrx_word' id='word_1_337' title='bbox 363 3700 398 3749; x_wconf 92' lang='lat' dir='ltr'><strong>V.</strong></span> <span class='ocrx_word' id='word_1_338' title='bbox 416 3705 473 3750; x_wconf 82' lang='lat'><strong>252.</strong></span> <span class='ocrx_word' id='word_1_339' title='bbox 490 3703 533 3764; x_wconf 90' lang='lat' dir='ltr'><strong>qui</strong></span> <span class='ocrx_word' id='word_1_340' title='bbox 554 3701 580 3750; x_wconf 90' lang='lat' dir='ltr'><strong>h.</strong></span> <span class='ocrx_word' id='word_1_341' title='bbox 597 3703 615 3752; x_wconf 93' lang='lat'><strong>1.</strong></span> <span class='ocrx_word' id='word_1_342' title='bbox 639 3704 721 3753; x_wconf 81' lang='lat' dir='ltr'><strong>Taciti</strong></span> <span class='ocrx_word' id='word_1_343' title='bbox 737 3719 795 3768; x_wconf 91' lang='lat' dir='ltr'><strong>quo-</strong></span> 
     </span>
     <span class='ocr_line' id='line_1_43' title="bbox 246 3781 795 3846; baseline 0.009 -17"><span class='ocrx_word' id='word_1_344' title='bbox 246 3794 296 3846; x_wconf 90' lang='lat' dir='ltr'><strong>que</strong></span> <span class='ocrx_word' id='word_1_345' title='bbox 312 3781 395 3830; x_wconf 91' lang='lat' dir='ltr'><strong>attulit</strong></span> <span class='ocrx_word' id='word_1_346' title='bbox 411 3789 510 3829; x_wconf 88' lang='lat' dir='ltr'><strong>nostrae</strong></span> <span class='ocrx_word' id='word_1_347' title='bbox 526 3797 623 3842; x_wconf 87' lang='lat' dir='ltr'><strong>manus,</strong></span> <span class='ocrx_word' id='word_1_348' title='bbox 647 3786 719 3833; x_wconf 92' lang='lat' dir='ltr'><strong>uobis</strong></span> <span class='ocrx_word' id='word_1_349' title='bbox 736 3786 795 3834; x_wconf 90' lang='lat' dir='ltr'><strong>ami·</strong></span> 
     </span>
     <span class='ocr_line' id='line_1_44' title="bbox 246 3862 797 3927; baseline 0.005 -17"><span class='ocrx_word' id='word_1_350' title='bbox 246 3875 303 3922; x_wconf 87' lang='lat' dir='ltr'><strong>eae,</strong></span> <span class='ocrx_word' id='word_1_351' title='bbox 329 3862 445 3912; x_wconf 84' lang='lat' dir='ltr'><strong>fautrices</strong></span> <span class='ocrx_word' id='word_1_352' title='bbox 454 3883 461 3920; x_wconf 68' lang='grc' dir='ltr'>ς</span> <span class='ocrx_word' id='word_1_353' title='bbox 482 3868 511 3911; x_wconf 90' lang='lat' dir='ltr'><strong>ut</strong></span> <span class='ocrx_word' id='word_1_354' title='bbox 535 3865 601 3926; x_wconf 88' lang='lat' dir='ltr'><strong>apud</strong></span> <span class='ocrx_word' id='word_1_355' title='bbox 616 3864 702 3927; x_wconf 74' lang='lat' dir='ltr'><strong>pottas</strong></span> <span class='ocrx_word' id='word_1_356' title='bbox 719 3865 797 3914; x_wconf 85' lang='lat' dir='ltr'><strong>nostri</strong></span> 
     </span>
     <span class='ocr_line' id='line_1_45' title="bbox 247 3939 795 4006; baseline 0.004 -14"><span class='ocrx_word' id='word_1_357' title='bbox 247 3939 312 4004; x_wconf 85' lang='lat' dir='ltr'><strong>Dei,</strong></span> <span class='ocrx_word' id='word_1_358' title='bbox 337 3941 418 4006; x_wconf 85' lang='lat' dir='ltr'><strong>uenti,</strong></span> <span class='ocrx_word' id='word_1_359' title='bbox 433 3945 488 3993; x_wconf 90' lang='lat' dir='ltr'><strong>sim.</strong></span> <span class='ocrx_word' id='word_1_360' title='bbox 504 3944 537 3994; x_wconf 82' lang='lat' dir='ltr'><strong>cf.</strong></span> <span class='ocrx_word' id='word_1_361' title='bbox 560 3944 649 3994; x_wconf 90' lang='lat' dir='ltr'><strong>Burm.</strong></span> <span class='ocrx_word' id='word_1_362' title='bbox 673 3945 705 3994; x_wconf 86' lang='lat' dir='ltr'><strong>ed</strong></span> <span class='ocrx_word' id='word_1_363' title='bbox 722 3945 795 3996; x_wconf 85' lang='lat' dir='ltr'><strong>Ovid.</strong></span> 
     </span>
     <span class='ocr_line' id='line_1_46' title="bbox 247 4024 794 4089; baseline 0.007 -17"><span class='ocrx_word' id='word_1_364' title='bbox 247 4024 325 4073; x_wconf 85' lang='lat' dir='ltr'><strong>Trist.</strong></span> <span class='ocrx_word' id='word_1_365' title='bbox 343 4025 494 4074; x_wconf 80' lang='lat' dir='ltr'><strong>1v.1v.24.</strong></span> <span class='ocrx_word' id='word_1_366' title='bbox 514 4025 636 4089; x_wconf 84' lang='lat' dir='ltr'><strong>Calgacus</strong></span> <span class='ocrx_word' id='word_1_367' title='bbox 645 4041 706 4076; x_wconf 84' lang='lat' dir='ltr'><strong>mox</strong></span> <span class='ocrx_word' id='word_1_368' title='bbox 715 4035 794 4076; x_wconf 89' lang='lat' dir='ltr'><strong>osten·</strong></span> 
     </span>
     <span class='ocr_line' id='line_1_47' title="bbox 246 4105 795 4170; baseline 0.007 -16"><span class='ocrx_word' id='word_1_369' title='bbox 246 4105 283 4154; x_wconf 87' lang='lat' dir='ltr'><strong>dit</strong></span> <span class='ocrx_word' id='word_1_370' title='bbox 307 4119 351 4154; x_wconf 89' lang='lat' dir='ltr'><strong>cur</strong></span> <span class='ocrx_word' id='word_1_371' title='bbox 376 4111 401 4155; x_wconf 90' lang='lat' dir='ltr'><strong>et</strong></span> <span class='ocrx_word' id='word_1_372' title='bbox 421 4121 482 4170; x_wconf 87' lang='lat' dir='ltr'><strong>quas</strong></span> <span class='ocrx_word' id='word_1_373' title='bbox 505 4122 594 4156; x_wconf 88' lang='lat' dir='ltr'><strong>manus</strong></span> <span class='ocrx_word' id='word_1_374' title='bbox 612 4123 670 4157; x_wconf 84' lang='lat' dir='ltr'><strong>suas</strong></span> <span class='ocrx_word' id='word_1_375' title='bbox 686 4108 795 4158; x_wconf 87' lang='lat' dir='ltr'><strong>habituri</strong></span> 
     </span>
     <span class='ocr_line' id='line_1_48' title="bbox 246 4186 794 4249; baseline 0.007 -13"><span class='ocrx_word' id='word_1_376' title='bbox 246 4193 328 4236; x_wconf 89' lang='lat' dir='ltr'><strong>esseut</strong></span> <span class='ocrx_word' id='word_1_377' title='bbox 345 4186 371 4235; x_wconf 92' lang='lat' dir='ltr'><strong>in</strong></span> <span class='ocrx_word' id='word_1_378' title='bbox 388 4188 440 4236; x_wconf 86' lang='lat' dir='ltr'><strong>acie</strong></span> <span class='ocrx_word' id='word_1_379' title='bbox 457 4188 582 4249; x_wconf 82' lang='lat' dir='ltr'><strong>Romana,</strong></span> <span class='ocrx_word' id='word_1_380' title='bbox 601 4190 737 4240; x_wconf 86' lang='lat' dir='ltr'><strong>Britannos</strong></span> <span class='ocrx_word' id='word_1_381' title='bbox 750 4192 794 4240; x_wconf 89' lang='lat' dir='ltr'><strong>sci-</strong></span> 
     </span>
     <span class='ocr_line' id='line_1_49' title="bbox 246 4265 627 4326; baseline 0.016 -12"><span class='ocrx_word' id='word_1_382' title='bbox 246 4265 317 4326; x_wconf 88' lang='lat' dir='ltr'><strong>licet,</strong></span> <span class='ocrx_word' id='word_1_383' title='bbox 336 4265 422 4317; x_wconf 87' lang='lat' dir='ltr'><strong>Gallos</strong></span> <span class='ocrx_word' id='word_1_384' title='bbox 440 4274 464 4318; x_wconf 91' lang='lat' dir='ltr'><strong>et</strong></span> <span class='ocrx_word' id='word_1_385' title='bbox 480 4267 627 4321; x_wconf 88' lang='lat' dir='ltr'><strong>Germanos.</strong></span> 
     </span>
    </p>

    <p class='ocr_par' dir='ltr' id='par_1_10' title="bbox 247 4344 795 4497">
     <span class='ocr_line' id='line_1_50' title="bbox 283 4344 794 4418; baseline 0.02 -25"><span class='ocrx_word' id='word_1_386' title='bbox 283 4344 417 4410; x_wconf 85' lang='lat' dir='ltr'><strong>Tamquam</strong></span> <span class='ocrx_word' id='word_1_387' title='bbox 446 4366 524 4416; x_wconf 85' lang='lat' dir='ltr'><strong>nuper</strong></span> <span class='ocrx_word' id='word_1_388' title='bbox 556 4350 667 4418; x_wconf 80' lang='lat' dir='ltr'><strong>Usipetii</strong></span> <span class='ocrx_word' id='word_1_389' title='bbox 690 4350 794 4416; x_wconf 85' lang='lat' dir='ltr'><strong>relique-</strong></span> 
     </span>
     <span class='ocr_line' id='line_1_51' title="bbox 247 4425 795 4497; baseline 0.018 -25"><span class='ocrx_word' id='word_1_390' title='bbox 247 4432 312 4474; x_wconf 87' lang='lat' dir='ltr'><strong>runt.</strong></span> <span class='ocrx_word' id='word_1_391' title='bbox 330 4425 468 4492; x_wconf 84' lang='lat' dir='ltr'><strong>Glossator,</strong></span> <span class='ocrx_word' id='word_1_392' title='bbox 493 4439 565 4496; x_wconf 89' lang='lat' dir='ltr'><strong>puto,</strong></span> <span class='ocrx_word' id='word_1_393' title='bbox 583 4432 610 4482; x_wconf 90' lang='lat' dir='ltr'><strong>in</strong></span> <span class='ocrx_word' id='word_1_394' title='bbox 625 4433 738 4497; x_wconf 85' lang='lat' dir='ltr'><strong>margine</strong></span> <span class='ocrx_word' id='word_1_395' title='bbox 754 4433 795 4482; x_wconf 85' lang='lat' dir='ltr'><strong>vel</strong></span> 
     </span>
    </p>
   </div>
   <div class='ocr_carea' id='block_1_10' title="bbox 839 3624 1397 4502">
    <p class='ocr_par' dir='ltr' id='par_1_11' title="bbox 839 3624 1397 4502">
     <span class='ocr_line' id='line_1_52' title="bbox 841 3624 1394 3692; baseline 0.009 -18"><span class='ocrx_word' id='word_1_396' title='bbox 841 3624 935 3674; x_wconf 88' lang='lat' dir='ltr'><strong>dantia.</strong></span> <span class='ocrx_word' id='word_1_397' title='bbox 954 3626 1099 3678; x_wconf 87' lang='lat' dir='ltr'><strong>Discordiae</strong></span> <span class='ocrx_word' id='word_1_398' title='bbox 1119 3645 1170 3678; x_wconf 87' lang='lat' dir='ltr'><strong>nou</strong></span> <span class='ocrx_word' id='word_1_399' title='bbox 1187 3643 1284 3692; x_wconf 90' lang='lat' dir='ltr'><strong>semper</strong></span> <span class='ocrx_word' id='word_1_400' title='bbox 1301 3643 1335 3679; x_wconf 89' lang='lat' dir='ltr'><strong>ex</strong></span> <span class='ocrx_word' id='word_1_401' title='bbox 1352 3642 1394 3678; x_wconf 89' lang='lat' dir='ltr'><strong>eo-</strong></span> 
     </span>
     <span class='ocr_line' id='line_1_53' title="bbox 842 3707 1395 3758; baseline 0.007 -4"><span class='ocrx_word' id='word_1_402' title='bbox 842 3707 899 3756; x_wconf 89' lang='lat' dir='ltr'><strong>dem</strong></span> <span class='ocrx_word' id='word_1_403' title='bbox 920 3707 990 3756; x_wconf 82' lang='lat' dir='ltr'><strong>fonte</strong></span> <span class='ocrx_word' id='word_1_404' title='bbox 1009 3717 1152 3758; x_wconf 88' lang='lat' dir='ltr'><strong>nascuntur.</strong></span> <span class='ocrx_word' id='word_1_405' title='bbox 1178 3710 1229 3758; x_wconf 89' lang='lat' dir='ltr'><strong>Hic</strong></span> <span class='ocrx_word' id='word_1_406' title='bbox 1246 3724 1279 3758; x_wconf 88' lang='lat' dir='ltr'><strong>ex</strong></span> <span class='ocrx_word' id='word_1_407' title='bbox 1296 3709 1395 3758; x_wconf 89' lang='lat' dir='ltr'><strong>iniusti-</strong></span> 
     </span>
     <span class='ocr_line' id='line_1_54' title="bbox 841 3787 1394 3854; baseline 0.005 -19"><span class='ocrx_word' id='word_1_408' title='bbox 841 3788 877 3836; x_wconf 91' lang='lat' dir='ltr'><strong>tia</strong></span> <span class='ocrx_word' id='word_1_409' title='bbox 892 3787 1078 3851; x_wconf 90' lang='lat' dir='ltr'><strong>imperantium.</strong></span> <span class='ocrx_word' id='word_1_410' title='bbox 1101 3792 1190 3854; x_wconf 87' lang='lat' dir='ltr'><strong>Neque</strong></span> <span class='ocrx_word' id='word_1_411' title='bbox 1207 3790 1394 3838; x_wconf 84' lang='lat' dir='ltr'><strong>civitatessem·</strong></span> 
     </span>
     <span class='ocr_line' id='line_1_55' title="bbox 841 3869 1395 3934; baseline 0.007 -18"><span class='ocrx_word' id='word_1_412' title='bbox 841 3883 885 3931; x_wconf 90' lang='lat' dir='ltr'><strong>per</strong></span> <span class='ocrx_word' id='word_1_413' title='bbox 910 3884 1001 3932; x_wconf 76' lang='lat' dir='ltr'><strong>aeqrae</strong></span> <span class='ocrx_word' id='word_1_414' title='bbox 1026 3871 1154 3932; x_wconf 89' lang='lat' dir='ltr'><strong>dicuutur,</strong></span> <span class='ocrx_word' id='word_1_415' title='bbox 1179 3871 1239 3934; x_wconf 89' lang='lat' dir='ltr'><strong>quia</strong></span> <span class='ocrx_word' id='word_1_416' title='bbox 1267 3869 1395 3920; x_wconf 82' lang='lat' dir='ltr'><strong>intestinis</strong></span> 
     </span>
     <span class='ocr_line' id='line_1_56' title="bbox 841 3949 1394 4016; baseline -0.005 -18"><span class='ocrx_word' id='word_1_417' title='bbox 841 3949 970 3999; x_wconf 88' lang='lat' dir='ltr'><strong>discordiis</strong></span> <span class='ocrx_word' id='word_1_418' title='bbox 985 3951 1108 4003; x_wconf 82' lang='lat' dir='ltr'><strong>laborant:</strong></span> <span class='ocrx_word' id='word_1_419' title='bbox 1126 3957 1227 4016; x_wconf 87' lang='lat' dir='ltr'><strong>apparet</strong></span> <span class='ocrx_word' id='word_1_420' title='bbox 1244 3949 1286 3998; x_wconf 85' lang='lat' dir='ltr'><strong>vel</strong></span> <span class='ocrx_word' id='word_1_421' title='bbox 1300 3963 1334 3997; x_wconf 83' lang='lat' dir='ltr'><strong>ex</strong></span> <span class='ocrx_word' id='word_1_422' title='bbox 1344 3949 1394 3996; x_wconf 84' lang='lat' dir='ltr'><strong>Te·</strong></span> 
     </span>
     <span class='ocr_line' id='line_1_57' title="bbox 840 4030 1394 4094; baseline -0.004 -14"><span class='ocrx_word' id='word_1_423' title='bbox 840 4032 889 4080; x_wconf 89' lang='lat' dir='ltr'><strong>cito</strong></span> <span class='ocrx_word' id='word_1_424' title='bbox 906 4031 1002 4082; x_wconf 89' lang='lat' dir='ltr'><strong>Annal.</strong></span> <span class='ocrx_word' id='word_1_425' title='bbox 1020 4033 1069 4082; x_wconf 90' lang='lat' dir='ltr'><strong>XI.</strong></span> <span class='ocrx_word' id='word_1_426' title='bbox 1087 4039 1128 4083; x_wconf 82' lang='lat'><strong>23.</strong></span> <span class='ocrx_word' id='word_1_427' title='bbox 1145 4031 1207 4082; x_wconf 91' lang='lat' dir='ltr'><strong>Non</strong></span> <span class='ocrx_word' id='word_1_428' title='bbox 1220 4030 1394 4094; x_wconf 74' lang='lat' dir='ltr'><strong>adeoaepram</strong></span> 
     </span>
     <span class='ocr_line' id='line_1_58' title="bbox 840 4108 1394 4178; baseline 0 -18"><span class='ocrx_word' id='word_1_429' title='bbox 840 4108 943 4162; x_wconf 81' lang='lat' dir='ltr'><strong>Italiam</strong></span> <span class='ocrx_word' id='word_1_430' title='bbox 966 4151 973 4174; x_wconf 92' lang='lat'>,</span> <span class='ocrx_word' id='word_1_431' title='bbox 991 4123 1019 4162; x_wconf 91' lang='lat' dir='ltr'><strong>ut</strong></span> <span class='ocrx_word' id='word_1_432' title='bbox 1035 4123 1144 4163; x_wconf 87' lang='lat' dir='ltr'><strong>senatum</strong></span> <span class='ocrx_word' id='word_1_433' title='bbox 1156 4110 1319 4178; x_wconf 84' lang='lat' dir='ltr'><strong>suppeditare</strong></span> <span class='ocrx_word' id='word_1_434' title='bbox 1335 4111 1394 4160; x_wconf 87' lang='lat' dir='ltr'><strong>urbi</strong></span> 
     </span>
     <span class='ocr_line' id='line_1_59' title="bbox 840 4193 1395 4258; baseline 0.004 -18"><span class='ocrx_word' id='word_1_435' title='bbox 840 4209 900 4242; x_wconf 87' lang='lat' dir='ltr'><strong>suae</strong></span> <span class='ocrx_word' id='word_1_436' title='bbox 917 4194 1036 4258; x_wconf 83' lang='lat' dir='ltr'><strong>nequiret.</strong></span> <span class='ocrx_word' id='word_1_437' title='bbox 1062 4196 1093 4244; x_wconf 91' lang='lat' dir='ltr'><strong>In</strong></span> <span class='ocrx_word' id='word_1_438' title='bbox 1114 4208 1143 4244; x_wconf 90' lang='lat' dir='ltr'><strong>eo</strong></span> <span class='ocrx_word' id='word_1_439' title='bbox 1153 4210 1204 4243; x_wconf 92' lang='lat' dir='ltr'><strong>nou</strong></span> <span class='ocrx_word' id='word_1_440' title='bbox 1221 4193 1345 4256; x_wconf 85' lang='lat' dir='ltr'><strong>cogitatur</strong></span> <span class='ocrx_word' id='word_1_441' title='bbox 1361 4193 1395 4242; x_wconf 89' lang='lat' dir='ltr'><strong>de</strong></span> 
     </span>
     <span class='ocr_line' id='line_1_60' title="bbox 840 4272 1396 4338; baseline -0.004 -16"><span class='ocrx_word' id='word_1_442' title='bbox 840 4274 1041 4326; x_wconf 87' lang='lat' dir='ltr'><strong>dissensionibus.</strong></span> <span class='ocrx_word' id='word_1_443' title='bbox 1057 4275 1109 4338; x_wconf 80' lang='lat' dir='ltr'><strong>Qui</strong></span> <span class='ocrx_word' id='word_1_444' title='bbox 1126 4274 1206 4326; x_wconf 87' lang='lat' dir='ltr'><strong>Gallis</strong></span> <span class='ocrx_word' id='word_1_445' title='bbox 1219 4274 1347 4337; x_wconf 83' lang='lat' dir='ltr'><strong>negabant</strong></span> <span class='ocrx_word' id='word_1_446' title='bbox 1355 4272 1396 4321; x_wconf 88' lang='lat' dir='ltr'><strong>ins</strong></span> 
     </span>
     <span class='ocr_line' id='line_1_61' title="bbox 839 4354 1394 4422; baseline 0 -20"><span class='ocrx_word' id='word_1_447' title='bbox 839 4354 964 4408; x_wconf 90' lang='lat' dir='ltr'><strong>honorum</strong></span> <span class='ocrx_word' id='word_1_448' title='bbox 998 4358 1226 4422; x_wconf 84' lang='lat' dir='ltr'><strong>adipiscendorum,</strong></span> <span class='ocrx_word' id='word_1_449' title='bbox 1260 4355 1394 4413; x_wconf 83' lang='lat' dir='ltr'><strong>dicebaut,</strong></span> 
     </span>
     <span class='ocr_line' id='line_1_62' title="bbox 839 4433 1397 4502; baseline -0.005 -15"><span class='ocrx_word' id='word_1_450' title='bbox 839 4435 940 4489; x_wconf 85' lang='lat' dir='ltr'><strong>Italiam</strong></span> <span class='ocrx_word' id='word_1_451' title='bbox 965 4451 1016 4488; x_wconf 90' lang='lat' dir='ltr'><strong>uon</strong></span> <span class='ocrx_word' id='word_1_452' title='bbox 1042 4440 1104 4493; x_wconf 86' lang='lat' dir='ltr'><strong>adeo</strong></span> <span class='ocrx_word' id='word_1_453' title='bbox 1129 4437 1213 4502; x_wconf 85' lang='lat' dir='ltr'><strong>iuopia</strong></span> <span class='ocrx_word' id='word_1_454' title='bbox 1228 4435 1342 4485; x_wconf 84' lang='lat' dir='ltr'><strong>virorum</strong></span> <span class='ocrx_word' id='word_1_455' title='bbox 1359 4433 1397 4484; x_wconf 88' lang='lat' dir='ltr'><strong>la-</strong></span> 
     </span>
    </p>
   </div>
   <div class='ocr_carea' id='block_1_11' title="bbox 0 0 1571 5308">
    <p class='ocr_par' dir='ltr' id='par_1_12' title="bbox 0 0 1571 5308">
     <span class='ocr_line' id='line_1_63' title="bbox 0 0 1571 5308; baseline 0 0"><span class='ocrx_word' id='word_1_456' title='bbox 0 0 1571 5308; x_wconf 95' lang='lat' dir='ltr'><strong> </strong></span> 
     </span>
    </p>
   </div>
  </div>
 </body>
</html>
