3074 5310
666 492 831 540 nnnnnon
1250 473 1312 542 tst

174 679 317 746 cepnqnorc
340 661 448 713 totamm
463 660 587 736 significet
602 660 744 723 uolonum,
761 663 793 712 ed
809 675 898 712 emme
914 668 951 712 est
967 660 1128 712 coniecissent.u
1162 657 1230 716 Vero
1247 665 1313 716 inso-

175 745 249 803 litum
273 750 401 814 Zeugmu:
426 747 466 797 nni
490 748 573 798 simile
589 750 733 814 exemplam
749 764 783 800 sn
799 749 860 799 olibi
874 750 1024 813 reperiatur,
1041 748 1115 798 valde
1131 749 1226 800 dubito.
1243 750 1313 800 Lati-

176 853 239 887 num
263 842 329 894 nst,
345 835 403 884 veli
421 848 522 886 exurere
538 835 670 897 coloniam,
688 849 828 901 cnpnqnarc
845 825 929 884 caelia
943 844 1058 900 potuere,
1074 850 1120 894 ac,
1136 833 1185 884 nisi
1195 833 1314 901 solicitas

176 921 203 972 in
218 919 355 971 socordiam
375 923 505 986 caussa,
530 939 618 974 canere
641 923 722 987 iuqum
742 921 900 986 potuissent.-
917 921 973 971 vel:
991 935 1105 971 exussere
1122 919 1257 981 coloniam,
1273 937 1313 971 eo·

175 1021 320 1074 puqsooere
351 1016 438 1059 costra
467 1037 501 1047 -
524 1024 612 1058 emere
636 1008 718 1072 iuqnm
738 1015 850 1072 potum
883 1008 924 1058 Its
944 1015 1049 1072 potuere
1073 1013 1139 1058 recte
1162 1009 1314 1073 elgnificnrot

173 1092 324 1160 potuissent,
340 1098 369 1142 nt
384 1094 412 1143 in
430 1095 523 1158 Virgit.
540 1094 607 1144 Aen.
626 1094 676 1144 IV.
693 1098 751 1144 419.
768 1090 843 1142 Hunc
858 1107 903 1158 eqo
919 1091 942 1142 si
958 1099 1051 1144 camon
1064 1092 1137 1158 potui
1152 1107 1256 1159 sperare
1272 1091 1313 1144 do·

177 1177 251 1227 lorcm
268 1175 306 1226 Et
318 1180 451 1244 perferre,
468 1197 552 1240 soror,
565 1180 647 1246 potui.

211 1354 242 1404 P.
263 1357 318 1403 125.
351 1350 412 1403 Non
435 1351 530 1418 impune
553 1359 669 1402 tentatam
694 1349 779 1400 loturi.
809 1346 884 1400 ona.
910 1349 1015 1400 Metam.
1042 1349 1118 1400 VIII.
1143 1352 1200 1400 272.
1221 1346 1314 1414 Tanqit

177 1449 202 1489 ct
227 1440 269 1490 ira
293 1437 377 1500 Deos,
403 1446 431 1487 ot
456 1453 502 1487 non
517 1437 613 1502 impune
623 1438 748 1502 feremus.
783 1432 900 1498 Quaeque
915 1433 1087 1497 inhonoratas,
1103 1451 1148 1485 non
1165 1443 1189 1484 et
1206 1433 1312 1485 &remur

179 1524 283 1575 ionitae.

214 1696 246 1746 Ρ.
266 1699 321 1745 126.
357 1691 408 1750 Qui
424 1692 508 1743 timere
524 1691 649 1742 desierint.
681 1693 740 1743 Liv.
758 1691 890 1743 XXXIV.
907 1697 949 1742 28.
967 1689 1018 1747 Qui
1033 1689 1101 1741 nodo
1110 1690 1202 1742 terrori
1203 1692 1314 1756 sumant

180 1780 332 1848 trepidantes
349 1781 375 1830 in
388 1779 470 1828 urbem
485 1776 602 1843 conpulsi
618 1785 682 1827 scint.

210 1951 241 2001 P.
261 1955 317 2001 126.
351 1949 452 2002 Centies
485 1949 581 2000 librarii
604 1950 758 2000 inuaserant
781 1950 886 2000 verbum
910 1948 1105 2008 amianarum,
1129 1948 1184 2008 rel,
1208 1947 1312 1998 ditonis

178 2038 261 2088 modis
286 2035 423 2101 supplendo
447 2037 642 2101 explicavemnt.
668 2035 833 2086 Memorabile
858 2035 1001 2098 exemptum
1017 2039 1054 2084 est
1069 2033 1097 2082 in
1115 2029 1190 2084 Ouid.
1206 2033 1311 2083 Melan.

179 2123 256 2173 VIII.
274 2125 315 2172 55.
331 2123 375 2172 nbi
390 2121 489 2186 Scylla,
506 2122 564 2172 Nisi
578 2123 646 2182 filis,
664 2135 747 2172 socam
763 2121 885 2187 loquitur,
902 2122 963 2170 dnm
977 2133 1090 2170 amorem
1102 2125 1251 2184 conceptum
1263 2119 1313 2170 Mi.

177 2211 233 2259 nois
248 2209 349 2258 vincere
363 2215 481 2268 senemr,
498 2223 548 2273 qno
564 2222 648 2258 encore
664 2209 738 2272 potiti
753 2213 918 2271 conpeteret
933 2204 982 2254 nisi
997 2204 1096 2269 prodito
1110 2211 1225 2268 pnente:
1242 2202 1313 2253 Nam

174 2304 280 2362 peream
301 2293 387 2360 potius
411 2303 515 2360 sperato
541 2292 645 2354 cubilia,
670 2309 742 2359 qnam
766 2293 811 2342 nm
827 2291 975 2342 Proditionc
987 2299 1084 2357 poteris.
1103 2289 1221 2348 &cancris
1237 2305 1312 2356 saepe

176 2379 237 2431 utile
261 2381 326 2430 uinci
341 2379 466 2448 iVictoris
477 2379 577 2446 placidi
586 2380 657 2445 fecit
674 2379 798 2431 clementio
813 2378 902 2430 multis.
936 2375 1011 2428 Iusta
1027 2376 1096 2439 facit
1110 2387 1176 2428 cette
1187 2394 1238 2444 pro
1253 2385 1312 2428 nato

177 2465 240 2516 bella
253 2474 400 2532 perempto:
435 2462 467 2514 In
490 2481 627 2530 censeoque
650 2465 728 2526 calet,
752 2482 909 2531 caussamque
926 2464 1046 2516 tuentibus
1061 2466 1146 2516 armis.
1187 2464 1222 2515 Ut
1235 2473 1310 2530 puto,

174 2552 308 2602 vincentur.
342 2552 453 2615 Legnmc
481 2549 597 2608 Quamuis
621 2567 696 2617 saepe
719 2553 779 2603 utile
801 2553 874 2603 vinci.
912 2549 985 2602 Iusta
1003 2554 1078 2619 facit
1101 2562 1168 2603 certe
1188 2571 1238 2620 pro
1252 2562 1312 2602 noto

175 2641 238 2692 bella
252 2647 390 2707 perempto.
430 2637 513 2703 thue
535 2637 602 2688 vanc
627 2637 730 2700 caussa,
745 2654 905 2703 caussamque
919 2639 1041 2689 manibus
1057 2639 1148 2702 amis,
1163 2638 1220 2702 Sic,
1234 2649 1310 2707 puto,

174 2728 304 2778 vincemur.
322 2727 432 2777 Versum
448 2725 559 2789 specim
579 2721 690 2774 Victoris
703 2723 802 2790 placidi
817 2739 854 2790 sq.
871 2725 947 2775 eieci:
964 2741 1010 2789 pro
1025 2726 1051 2775 in
1067 2743 1204 2794 conssaqne
1219 2730 1247 2779 in
1259 2745 1311 2780 uno

175 2814 227 2864 Mo.
252 2813 353 2862 Heinsii
370 2818 422 2862 eret
444 2819 518 2876 atque
533 2810 600 2860 ualet
616 2825 714 2870 mssa,
729 2817 784 2860 tum
799 2803 827 2860 'ut
842 2809 938 2860 mutavi
953 2812 981 2860 in
997 2811 1042 2861 sic.
1076 2811 1208 2866 Sententia
1223 2817 1311 2868 endem

174 2906 213 2950 est
228 2899 256 2948 in
271 2899 376 2949 Heroid.
394 2896 473 2948 XIII.
492 2900 531 2948 ⁷⁵.
549 2894 639 2946 Irrunt
656 2905 681 2945 et
697 2912 786 2946 canusa
802 2911 875 2960 quom
889 2895 978 2956 uincit,
994 2897 1077 2947 vincat
1094 2907 1117 2947 ct
1130 2899 1214 2949 armis.

208 3070 241 3120 P.
260 3071 316 3119 127.
350 3066 404 3117 Aut
427 3067 496 3118 nulia
517 3067 646 3134 plerisque
666 3067 757 3134 patria
780 3075 825 3116 aut
846 3067 901 3118 atio
915 3075 961 3116 est.
979 3066 1055 3118 neoc
1071 3071 1193 3134 exemplis
1209 3068 1310 3122 caua.

175 3158 207 3207 de
232 3155 265 3205 B.
284 3153 314 3206 O.
332 3152 393 3204 Iloe
409 3155 495 3219 copiae
511 3155 653 3204 constabant
669 3168 700 3202 ea
719 3150 863 3205 Gabinianis
877 3153 1007 3216 militibus,
1021 3156 1065 3220 qni
1080 3155 1130 3204 iam
1145 3155 1171 3205 in
1188 3166 1311 3208 consuetu

175 3243 254 3293 dinem
270 3237 456 3291 Alexandrinae
471 3240 539 3290 vitoe
554 3257 586 3290 oc
602 3239 715 3290 tecnam
730 3247 857 3301 uenerant,
874 3249 898 3290 et
913 3257 996 3292 nomen
1012 3241 1213 3309 disciplinamque
1221 3243 1312 3308 populi

174 3327 282 3380 Romani
305 3327 485 3389 dedidicerant,
510 3342 645 3392 amensque
667 3323 799 3378 manant.
832 3327 881 3376 His
907 3327 1065 3380 Alexandria
1085 3335 1139 3380 erut
1154 3327 1207 3378 atta
1221 3329 1310 3392 patrie.

174 3415 280 3466 Divom
300 3414 396 3464 radone
412 3415 479 3478 apud
495 3413 553 3464 Lis.
569 3411 706 3463 XXXIII.
722 3417 764 3462 49.
782 3411 865 3476 Tyms
880 3415 971 3466 dicitnr
987 3413 1136 3480 eliopotrio
1149 3412 1311 3474 Hannibalis,

174 3502 267 3568 qnippe
280 3500 352 3564 origo
369 3498 535 3564 Carthaginis.

210 3674 316 3724 Ρ.122.
354 3669 487 3736 Tamquam
503 3687 581 3737 nuper
603 3671 714 3739 Usipetii
728 3669 887 3738 reliquerant.
921 3672 951 3726 si
967 3675 1109 3726 addendum
1122 3674 1310 3737 oaemvcrbnm,

175 3758 254 3824 repeti
278 3758 383 3807 debebat
407 3757 490 3808 idem:
509 3757 619 3808 monac
633 3787 668 3796 —
684 3757 858 3821 deseruerunt,
874 3761 917 3812 tel
940 3761 1078 3826 relinquent
1101 3788 1136 3799 -
1149 3759 1310 3825 reliquerint.

176 3843 235 3894 Liv.
260 3839 390 3894 XXXVI.
415 3845 439 3891 5.
472 3840 546 3892 Ultro
571 3841 607 3892 od
632 3859 685 3893 cnm
708 3843 847 3908 cedebant,
872 3847 947 3898 sicuti
963 3844 1085 3912 Epirotae
1101 3846 1216 3898 communi
1230 3847 1311 3912 qentis

176 3943 290 3978 conserua
307 3936 332 3978 et
348 3925 407 3978 Elei
423 3942 437 3976 e
453 3926 622 3994 Peloponneso
636 3941 760 3982 uenerunt.
1137 3923 1138 3932 ¹

209 4100 241 4152 Ρ.
261 4104 316 4150 128.
350 4097 439 4149 Senum
455 4098 571 4150 coloniae.
603 4101 681 4152 Inuus
698 4100 754 4150 Pnn
769 4101 916 4152 coniitiebnt
931 4101 1043 4152 incensae
1059 4100 1176 4154 coloniae.

210 4275 241 4324 P.
261 4278 316 4322 1³1.
356 4271 456 4322 Virtute
477 4281 502 4321 et
527 4273 647 4337 auspiciis
662 4271 761 4338 imperii
776 4268 894 4333 Romani,
905 4273 961 4337 fide
977 4283 1051 4339 atquc
1067 4290 1144 4342 opera
1159 4283 1250 4326 uestro.
1268 4275 1309 4325 Ie·

176 4376 224 4412 nus
250 4360 305 4409 Pnn
327 4361 438 4424 legebat:
456 4357 529 4408 ductu
550 4367 641 4408 meoet
658 4357 778 4425 auspiciis
794 4359 892 4425 inperii
907 4357 1022 4411 Rornoni.
1055 4363 1244 4430 Nipperdsyus:
1261 4363 1310 4413 cir·

176 4455 228 4497 tute
244 4454 336 4508 nocua,
353 4445 474 4513 auspiciis
486 4445 576 4514 populi
592 4443 711 4509 Romani,
723 4445 779 4511 fide
795 4456 869 4513 utque
884 4463 960 4515 opero
975 4458 1065 4502 cntra.
1099 4450 1230 4519 Exemplis
1246 4463 1310 4502 eme
