3134 5310
196 523 240 584 66
623 538 777 584 connrnrr
802 535 914 583 riom

198 707 319 798 primus
358 706 501 770 omniurn
539 705 754 770 Rornanorum
778 703 866 768 dirus
891 702 993 767 Iulius
1016 721 1089 765 curn
1110 703 1250 767 exercitu
1275 703 1350 767 Bri·

197 811 341 880 tenuistn
371 810 546 898 ingressus,
582 831 775 897 quamquam
805 829 954 897 prospera
984 827 1092 894 pugne
1123 809 1269 872 terruerit
1292 809 1350 873 in-

198 915 299 992 colis,
332 935 369 978 ac
402 914 495 978 litore
521 913 638 1002 potitus
670 914 729 990 sit,
764 925 867 1002 potest
896 911 994 976 rideri
1017 910 1187 977 ostendisse
1209 913 1348 1001 posteris

198 1044 262 1088 nou
293 1017 466 1084 tradidisse.
514 1019 585 1084 lior
615 1018 700 1085 belle
723 1018 847 1096 cirilla,
872 1030 903 1082 et
926 1018 1047 1081 iurem
1070 1015 1232 1105 publicam
1256 1041 1349 1084 vernn

199 1125 379 1215 principum
411 1146 519 1200 arma,
550 1145 587 1190 nc
619 1124 713 1212 longa
737 1123 853 1190 oblivio
877 1122 1058 1188 Britanniae
1078 1123 1174 1188 etiam
1197 1123 1232 1186 in
1252 1146 1346 1213 pace.

201 1228 375 1296 Consilium
410 1227 442 1293 id
478 1227 567 1294 dirus
603 1227 760 1318 Augustus
784 1227 940 1306 vocabat,
961 1225 1104 1294 Tiberius
1127 1239 1347 1316 precaeptum.

200 1467 232 1502 eo
255 1450 356 1502 facilius
373 1450 492 1510 efficient,
508 1466 560 1515 qno
575 1452 656 1514 magis
673 1451 748 1515 Agri·
795 1451 939 1513 explicaret.
965 1446 1034 1500 Olin
1046 1448 1222 1498 coniicieirnm:
1239 1444 1350 1513 Lepitnr

199 1534 255 1598 colu
279 1533 414 1582 successori
436 1546 482 1584 suc
506 1533 662 1596 provinciam
681 1534 749 1597 quic·
791 1531 888 1596 primus
913 1529 1031 1589 omniurn,
1048 1535 1076 1578 ut
1101 1543 1154 1591 cap.
1181 1534 1229 1588 29,
1250 1528 1351 1578 locutus

200 1621 253 1662 tam
269 1619 398 1676 tutamque
414 1608 523 1662 tradidit.
546 1614 683 1678 Postquam
701 1615 749 1663 Ta·
789 1613 888 1675 sertnr.
924 1611 999 1659 Nunc
1024 1615 1083 1672 puto
1108 1608 1186 1673 iqitnr
1211 1623 1293 1660 errore
1314 1610 1350 1659 li·

200 1694 264 1744 citus
284 1695 385 1743 dixerut
405 1699 531 1758 qnatenus
546 1693 665 1744 Britanni
682 1707 749 1757 pare·
795 1691 871 1740 urnii
887 1689 943 1740 loco
950 1691 1351 1753 nlicnoerscpositumottrsns·

199 1780 272 1833 rent,
289 1776 356 1838 qnod
373 1780 502 1838 acceptum
523 1781 576 1824 erat
593 1775 751 1825 referendum
796 1771 938 1830 iurandum,
955 1772 999 1820 ubi
1015 1771 1145 1821 moliorem
1161 1777 1271 1835 occupet.
1293 1771 1351 1820 Hic

203 1856 352 1920 Agricolae,
369 1862 466 1916 narrat,
482 1856 543 1919 quid
559 1856 603 1906 slii
619 1862 678 1906 ante
694 1870 752 1906 eum
795 1854 897 1917 quidem
913 1853 1025 1911 sublato,
1041 1866 1127 1902 cursus
1143 1852 1351 1916 orationisplnne

201 1937 365 1995 tentaverint,
391 1942 419 1988 ut
440 1950 482 1986 eos
507 1935 613 2000 imperio
636 1936 751 1986 Romano
797 1934 927 1997 expeditus
944 1939 989 1982 est.

203 2019 347 2068 adiicerent·
835 2012 966 2062 Consilium
991 2011 1020 2062 id
1045 2012 1116 2062 dions
1133 2011 1262 2077 Aupnstns
1277 2028 1353 2062 voca-

235 2096 319 2163 Ipitur
334 2096 431 2162 primns
447 2098 557 2147 omnium.
577 2098 679 2147 Tacitus
696 2112 750 2161 cnp.
797 2096 848 2154 bct,
861 2091 976 2143 Tiberius
980 2101 1150 2160 praecepium.
1165 2093 1277 2158 Logarnz
1289 2092 1354 2144 con·

203 2185 218 2227 9
245 2183 389 2228 narraverat
414 2177 561 2240 Agricolam
585 2179 752 2241 praepositum
797 2175 879 2225 silium
896 2173 925 2224 id
939 2174 1010 2224 diores
1026 2172 1155 2239 Anynsins
1171 2177 1288 2235 vocabat,
1303 2177 1355 2242 ipi-

203 2273 257 2309 ossa
281 2257 438 2307 Britanniae.
456 2259 524 2306 Turn
544 2259 575 2306 ab
592 2265 751 2319 crgumento,
799 2265 839 2306 tur
869 2253 984 2304 Tiberius
1006 2263 1176 2320 praeceptam.
1217 2255 1354 2320 Augustam

203 2340 272 2405 quod
292 2345 330 2388 est
344 2338 398 2388 nita
415 2346 439 2386 et
455 2352 534 2386 mores
551 2337 699 2400 Agricolas,
716 2339 753 2386 di·
797 2339 825 2386 in
847 2335 999 2386 dictionario
1022 2336 1121 2400 inperii
1137 2350 1183 2386 sua
1198 2352 1276 2386 menn
1291 2339 1354 2388 scri-

203 2421 328 2484 greditur,
354 2425 379 2470 et
403 2417 479 2468 refert
503 2417 579 2468 situm
603 2425 629 2468 ot
649 2419 752 2482 populos
797 2425 880 2481 pserat
898 2432 996 2482 qnoque
1013 2416 1139 2465 consilinm
1148 2418 1274 2468 coercendi
1281 2418 1354 2469 intra

205 2502 314 2561 insulae,
330 2514 410 2565 usqne
426 2501 459 2550 ad
474 2513 527 2562 cap.
548 2504 586 2548 13.
620 2500 754 2564 Nequosic
798 2499 912 2548 cenninus
928 2498 1040 2564 imperii,
1054 2499 1355 2552 utnerratTacitusAu-

205 2589 289 2632 tamen
312 2583 345 2630 ed
362 2581 510 2644 Agricolam
525 2582 603 2642 redit,
619 2583 664 2632 scd
678 2581 754 2630 hieto·
799 2581 851 2632 nel.
876 2580 901 2629 Ι.
929 2585 974 2636 11.,
993 2580 1050 2630 Iam
1073 2580 1187 2632 Tiberius
1204 2581 1310 2634 oonsilio.
1325 2589 1356 2632 nt

205 2663 270 2711 riam
292 2675 379 2710 rerum
401 2675 416 2710 e
441 2660 562 2712 Romanis
578 2669 636 2712 ante
653 2678 710 2712 eum
727 2663 753 2712 in
800 2663 868 2711 iussa
888 2661 1000 2724 Augusti
1022 2666 1106 2711 sancte
1132 2661 1182 2710 sibi
1196 2662 1356 2712 obremmdn

206 2743 288 2796 insula
311 2749 454 2806 gestarum,
477 2744 594 2792 annectit.
613 2744 754 2806 Argumen-
800 2757 853 2792 csse
879 2744 990 2806 putabat.
1026 2741 1130 2792 Tacitus
1154 2742 1227 2791 istem
1249 2743 1355 2805 religio-

205 2831 260 2874 tum
284 2825 360 2882 adeo,
382 2822 408 2872 in
424 2823 475 2870 fine
491 2823 578 2885 capitis
596 2829 610 2872 9
627 2824 754 2884 relictum,
800 2838 860 2873 nem
882 2825 920 2875 bis
945 2823 1042 2886 1111ςί1,
1064 2830 1093 2871 ut
1119 2822 1221 2874 irridere
1244 2829 1270 2872 et
1285 2823 1356 2874 indi·

206 2906 279 2956 initio
296 2906 397 2954 demum
414 2902 501 2966 capitis
521 2907 551 2952 18
567 2905 663 2966 repetit.
699 2904 756 2954 Ism
801 2904 874 2968 gnari
897 2905 1019 2953 videntur.
1039 2903 1135 2952 Annei.
1159 2903 1182 2952 1.
1201 2905 1239 2953 tr.
1262 2900 1356 2954 Vetuit

206 3003 258 3038 non
283 2985 411 3048 intelligo,
434 2985 495 3048 qnid
512 2984 589 3048 ipitur
605 2985 646 3034 hic
663 2985 755 3048 signifi·
803 2993 882 3034 tamcn
903 2983 1126 3048 intercessio,qaic
1136 2983 1206 3034 ᾱίννν
1221 2981 1356 3048 Δνςνειιιε

206 3076 258 3128 eet;
273 3066 756 3132 quidproecedatqnoreicratur,quam
801 3067 914 3116 immunes
937 3067 1063 3114 verberum
1084 3064 1215 3114 histriones
1231 3064 1356 3128 quondam

206 3152 345 3198 orationem
370 3148 499 3210 abruptam
523 3147 652 3195 instauret.
676 3145 705 3196 Si
722 3147 755 3196 D.
800 3147 977 3214 responderat,
1002 3161 1078 3210 neque
1097 3148 1150 3210 sae
1178 3143 1292 3206 Tiberio,
1316 3146 1354 3196 in-

209 3231 289 3280 lulins
307 3228 443 3276 Britannos
460 3226 561 3274 iniuriis
570 3227 756 3289 affecisset‚in·
795 3227 993 3293 srinpercdicic
1000 3226 1163 3278 eiua:etIV.
1174 3227 1354 3278 animumn

131 3359 143 3371 ,
208 3308 337 3372 terpreteri
353 3306 457 3356 fortasse
472 3319 612 3368 possemus:
627 3307 705 3369 iqitnr
714 3323 756 3358 ex·
801 3311 939 3360 dicentem:
950 3309 993 3372 qni
1001 3308 1289 3374 omniasactudieteqne
1298 3309 1354 3358 eius

207 3388 300 3454 poditio
317 3386 431 3436 Caesaris
447 3385 538 3434 frustm
555 3385 756 3451 tirinigitmpri-
801 3391 854 3440 vice
879 3390 941 3454 lepis
958 3391 1092 3450 observem,
1106 3389 1229 3454 placitam
1244 3389 1295 3437 iam
1311 3403 1352 3437 ex·

207 3485 263 3518 mus
280 3469 441 3518 Britanniam
457 3467 758 3534 ing1·essus,qusrnquam
802 3470 905 3536 emplum
925 3470 1066 3537 promptius
1091 3478 1188 3520 secatae
1204 3486 1264 3519 sum.
1282 3470 1355 3533 Ergo

206 3551 279 3598 litore
303 3550 395 3612 potitus
417 3549 461 3607 sit,
483 3555 563 3612 potest
579 3550 660 3600 videri
676 3557 757 3602 osten·
803 3552 947 3614 exemplum
981 3550 1092 3613 Augusti
1124 3557 1222 3602 secutus
1251 3551 1354 3610 fuisset,

207 3630 286 3686 disse,
311 3644 362 3676 non
387 3630 524 3678 tredidisse.
553 3629 675 3694 Aliquem
701 3631 756 3680 Bri·
802 3634 900 3684 etiamsi
924 3631 1008 3680 minus
1031 3632 1172 3694 placuisses
1207 3631 1259 3682 Cur
1276 3631 1354 3682 Tibo-

207 3709 291 3756 tunnis
316 3709 412 3756 illatam
432 3709 550 3758 iniuriam
566 3711 684 3772 suspicari
700 3713 757 3761 lice·
802 3715 854 3763 rius
871 3713 1017 3776 Augustum
1033 3719 1086 3761 tam
1103 3713 1180 3762 auxie
1194 3712 1356 3762 iacerem.

208 3795 246 3839 ret
267 3802 301 3837 ex
317 3787 350 3837 D.
369 3786 456 3837 cassio
473 3788 533 3836 XL.
554 3795 575 3838 l.
595 3789 687 3840 Caesar
702 3800 758 3854 post
802 3793 870 3842 νόνα
887 3797 936 3856 τῆς
956 3791 1112 3857 διοικήσεις
1129 3793 1178 3841 sel
1194 3793 1249 3846 νῦν
1265 3807 1356 3861 προσ-

207 3869 314 3934 primanr
338 3869 524 3932 expeditionem
549 3871 640 3920 iterum
657 3873 683 3920 in
701 3873 757 3923 Bri-
804 3874 964 3938 νημάτων,
980 3882 1009 3924 ut
1023 3874 1114 3924 Strabo
1122 3877 1356 3935 dintmiffictteex·

207 3951 321 4000 tenuium
336 3951 415 4008 venit,
432 3948 567 4016 πρόφασιν
578 3952 759 4017 ποιησάμενος
802 3959 895 4022 plicatu
911 3959 937 4007 in
954 3957 1057 4020 ingenio
1074 3963 1127 4004 tum
1142 3957 1213 4006 falso.
1250 3957 1356 4008 uncum

209 4029 253 4078 dre
280 4033 317 4096 μὴ
341 4031 449 4090 πάντας
475 4032 540 4090 τοὺς
565 4031 696 4102 ὁμήρους,
713 4035 759 4092 οὓς
783 4047 784 4050 ’
804 4045 829 4088 et
852 4039 878 4088 h.
904 4040 921 4088 l.
948 4039 1036 4088 acerbe
1055 4050 1101 4086 ncc
1118 4038 1171 4087 sins
1188 4038 1259 4088 odio:
1276 4038 1357 4100 igitur

208 4111 381 4178 ὑπέσχοντο,
399 4113 603 4174 ἐπεπόμφεσαν.
638 4114 707 4185 ἔργῳ
725 4115 757 4166 δὲ
804 4120 920 4170 Tiberius
952 4125 1111 4183 praeceptum
1138 4119 1255 4177 nocebat,
1285 4119 1357 4182 quod

208 4195 306 4252 δεινῶς
329 4199 379 4261 τῆς
405 4198 487 4258 νήσου
512 4197 667 4258 ἐφιέμενος,
688 4198 756 4250 ὥστε
805 4201 935 4264 Augustus
951 4201 1092 4250 consilium.
1111 4197 1276 4264 Satisquippss
1285 4204 1355 4258 01²2»

193 4275 236 4323 'ri
254 4281 290 4340 μὴ
310 4278 357 4324 καὶ
376 4280 460 4327 τοῦτο
478 4269 512 4346 ἦν
528 4282 635 4338 πάντως
652 4281 685 4332 ἂν
709 4281 758 4332 dl·
803 4284 825 4332 si
848 4282 979 4345 Augustus
995 4283 1070 4331 ruodo
1086 4280 1181 4345 aliqmd
1197 4278 1296 4328 iecisset
1310 4277 1357 4327 vel

210 4357 260 4422 λην
284 4360 346 4407 τινὰ
371 4364 469 4425 σκῆψιν
492 4361 594 4428 εὑρεῖν.
628 4366 698 4416 Hinc
714 4367 757 4418 ati-
803 4363 920 4422 dhisse&
942 4377 1018 4413 omne
1034 4364 1097 4412 illud
1113 4373 1237 4412 succussor
1254 4359 1302 4408 sibi
1319 4358 1355 4408 lc-

207 4439 276 4503 quid,
293 4453 344 4488 non
361 4443 428 4500 satie,
446 4445 757 4510 efficeretur,qnodi9itur
802 4458 859 4506 gem
877 4444 976 4496 iecerat.
