3134 5310
652 551 832 600 acascota.
1280 539 1320 600 lo
1402 623 1404 626 .

168 723 285 790 aetatis
319 719 470 786 terminos
500 739 557 808 per
591 718 753 784 silentium
787 719 941 786 venimus.
976 718 1048 786 Non
1072 733 1178 788 temen
1202 723 1322 810 pigebit

170 828 221 894 rel
265 824 427 892 incondite
459 846 495 888 ac
526 823 598 888 rudi
630 845 706 890 roco
740 826 926 890 memoriam
954 825 1066 914 prioris
1097 826 1254 894 servitutis
1285 848 1321 895 ae

169 931 389 998 testimoninm
419 931 631 1018 praesentium
664 929 819 1000 bonorum
852 931 1072 1020 composuisse.
1109 933 1170 998 llio
1192 932 1319 996 interim

180 1131 245 1182 Onna
261 1131 407 1190 senectutis,
424 1139 469 1179 out
484 1129 534 1180 iam
550 1130 661 1194 arpentis
677 1138 722 1180 out
768 1131 908 1195 principato
936 1147 1008 1196 possa
1042 1135 1144 1196 sociari,
1177 1135 1264 1186 Nem
1296 1143 1321 1185 et

173 1223 241 1263 certe
256 1212 414 1262 edomantis
430 1213 478 1260 sibi
493 1212 648 1262 cnmAttico
657 1227 722 1262 oom-
770 1212 894 1262 fllaianm
922 1215 1068 1266 doonemnt.
1105 1215 1174 1267 Ollm
1191 1217 1320 1283 principo-

171 1310 250 1345 mune
273 1295 343 1344 dicit.
365 1293 443 1342 Unde
459 1301 530 1342 tanta
545 1295 650 1344 rationis
666 1297 722 1345 snb-
769 1302 808 1342 tus
824 1301 877 1344 orat
893 1296 1006 1345 servitus.
1029 1297 1180 1348 Memoriam
1195 1300 1320 1348 seratum

170 1379 299 1428 damnose
323 1375 516 1426 dissimilinsdot
534 1377 573 1424 Ea
593 1389 722 1440 nunqnam
767 1377 1322 1444 quicomponitsimnloomponitprinoipatua

169 1459 304 1509 constabit
768 1457 1207 1524 NasnbAugustoqnidemlibertas
1215 1463 1320 1512 exstitit.

207 1538 264 1588 Per
287 1539 416 1588 stannum.
443 1539 642 1602 Interpretantur
660 1553 723 1602 uper
769 1549 778 1568 ·
808 1536 855 1588 Vol
880 1539 1005 1590 incondita
1029 1556 1060 1590 oo
1080 1539 1139 1592 rodi
1154 1557 1219 1592 voce.
1238 1543 1319 1603 Mire,

170 1634 290 1685 oppressa
316 1621 421 1683 ingenis.
440 1619 583 1684 studiaque,
599 1619 724 1684 prohibita
769 1625 842 1683 puto,
861 1621 994 1671 Latinitas
1014 1623 1076 1672 Vox
1089 1621 1321 1688 radiantuspsra,

169 1704 242 1753 omni
258 1703 358 1752 dicandi
373 1703 546 1767 smibendiqna
566 1701 684 1751 facultate
700 1709 725 1752 et
771 1703 880 1766 intelligi
903 1709 999 1766 potest,
1025 1712 1050 1754 et
1074 1711 1113 1754 est
1129 1707 1195 1768 apud
1212 1705 1320 1766 Quintil.

170 1783 377 1836 exercitatione.''
408 1782 459 1832 Sed
482 1783 606 1833 scribendi
630 1784 723 1832 exerci-
770 1784 835 1832 Inst.
853 1782 923 1834 Orat.
943 1785 994 1834 XI.
1012 1791 1036 1834 8.
1056 1785 1118 1835 Vox
1134 1786 1259 1836 incondito
1274 1787 1320 1836 vix

170 1866 233 1916 tatio
256 1881 310 1914 non
335 1871 388 1914 arat
403 1863 540 1927 prohibita,
558 1877 605 1914 nec
620 1871 723 1928 poterat.
769 1869 851 1928 potest
875 1866 997 1930 intelligi,
1014 1881 1047 1916 ne
1062 1874 1205 1931 comparata
1219 1868 1321 1932 qnidam

171 1949 206 1997 Ilt
223 1947 297 1996 multi
314 1947 446 2008 scripsere,
463 1952 488 1994 et
505 1945 650 2006 ediderunt,
667 1961 692 1994 v.
701 1960 723 1994 o.
769 1957 828 1994 cunr
853 1945 976 1996 incondito
997 1948 1118 1998 clamores
1140 1949 1206 1998 malo
1222 1962 1321 2012 quoquo

171 2029 292 2078 Valerius
301 2028 421 2086 Flaccus,
435 2027 466 2075 P.
481 2025 591 2086 statius,
607 2027 641 2075 V.
656 2027 723 2076 Mar·
770 2027 908 2090 iunguntur
932 2027 1059 2078 incondito
1081 2045 1139 2078 voce
1163 2044 1319 2094 componere,

171 2109 251 2170 tialis,
275 2109 456 2170 Quintilianus
475 2107 607 2158 Prohibita
623 2114 724 2157 tantum
769 2109 829 2172 quia
844 2109 969 2158 contraris
984 2115 1043 2158 sont
1059 2108 1206 2160 inconditam
1222 2115 1247 2159 et
1260 2125 1319 2159 com·

171 2193 223 2242 ‹llai
245 2197 326 2256 potest
347 2190 450 2238 facultas
466 2189 545 2239 libere
561 2190 679 2254 loquendi
696 2190 723 2238 in
766 2190 883 2255 positum.
906 2189 972 2240 Voce
987 2190 1114 2242 incondito
1129 2207 1271 2258 componere
1285 2206 1321 2242 es·

171 2274 238 2332 foro,
267 2278 371 2330 senatu,
398 2278 422 2320 et
446 2271 524 2320 libera
549 2271 673 2319 scribendi
699 2277 723 2319 et
769 2278 808 2320 set
838 2270 906 2322 modo
931 2271 1054 2322 incondito
1078 2289 1231 2339 componere,
1255 2275 1320 2324 ordi·

169 2355 274 2413 mendi,
299 2353 361 2417 qnid
385 2353 490 2416 quisque
507 2353 618 2400 sentiret.
637 2351 723 2400 Domi·
770 2367 830 2401 nare
854 2354 908 2403 sine
932 2353 1028 2404 ordine.
1047 2353 1123 2414 Quod
1139 2355 1320 2417 significatione

169 2439 253 2486 nanus
277 2435 361 2484 stadia
385 2433 433 2482 fori
457 2439 483 2483 et
503 2433 616 2482 civilium
633 2434 723 2482 artium
769 2435 869 2496 propria
893 2449 946 2484 non
970 2441 1067 2484 ractrrm
1083 2441 1134 2494 est,
1151 2450 1203 2485 non
1221 2443 1259 2485 est
1274 2437 1319 2486 im·

169 2521 245 2568 decus
262 2519 289 2566 in
306 2515 442 2574 silentium,
459 2513 610 2577 professores
624 2529 724 2578 quoqne
768 2515 876 2578 propria.
893 2517 950 2565 Iam
968 2531 1108 2580 componere
1115 2517 1264 2566 memoriam
1271 2531 1319 2566 sar-

170 2599 306 2661 sapientiae
332 2597 359 2645 in
385 2595 503 2644 exsilium
519 2601 610 2657 egerat.
628 2595 723 2646 Dahis
769 2598 855 2646 vitatis
881 2598 1005 2662 significat
1022 2613 1162 2663 componere
1179 2599 1271 2648 librum
1287 2599 1319 2648 da

171 2675 409 2742 ingeniisetstudiis
424 2689 493 2724 nnnc
508 2677 722 2739 nonagitnmegi·
769 2679 900 2739 servitute,
925 2681 1031 2730 scribere
1056 2681 1089 2729 do
1105 2681 1231 2729 servitute.
1254 2677 1320 2730 Voce

170 2767 213 2809 tur
237 2761 268 2808 de
292 2758 411 2808 facultate
434 2756 502 2805 vitae
517 2755 643 2806 clarorum
658 2757 722 2806 viro·
768 2760 1318 2825 testamur,loquimnr‚prodimns‚oanimns,

170 2856 229 2890 rem
253 2839 405 2889 scribendae.
431 2837 517 2886 Huius
533 2851 632 2902 quoqne
648 2852 722 2901 gene·
768 2841 1318 2906 nonoompoaimnsneqnesorilimualibmm.

169 2923 207 2972 ris
223 2921 369 2972 exercitatio
384 2919 722 2982 nonimpediebatur‚modo
769 2923 890 2972 Latinum
906 2921 1320 2974 eratzoeliaoonditoocrudioooe

170 3018 205 3054 no
220 3007 337 3062 ederent,
352 3002 408 3061 sel,
424 3001 446 3049 si
462 3002 577 3059 ederant,
594 3000 722 3048 omniavi·
772 3003 918 3052 tradidisse.

170 3093 267 3143 tarent,
297 3084 387 3147 quibus
416 3081 576 3131 Domitianus
601 3095 627 3130 sa
651 3080 723 3142 tangi
803 3080 950 3132 Memoriam
963 3083 1061 3148 prioris
1077 3079 1205 3131 servitutis
1221 3096 1252 3129 oc
1273 3089 1318 3132 tes·

172 3166 353 3227 suspicaretur,
367 3171 396 3212 ut
411 3165 548 3227 suspicatus
565 3170 603 3212 est
619 3163 646 3210 in
663 3162 722 3210 Hie·
769 3163 891 3212 tinwaiom
908 3164 1078 3228 praesentiam
1093 3164 1214 3213 bonorum.
1248 3163 1319 3214 Taci-

173 3246 240 3295 toria
257 3245 422 3306 Hermogenis
441 3245 580 3294 Tarsensis.
769 3247 832 3296 citus
849 3245 953 3294 fortasse
970 3246 1079 3309 scripsit:
1098 3245 1235 3296 mensorium
1250 3246 1319 3310 prio

206 3325 268 3376 Non
286 3334 364 3374 tamen
376 3326 480 3390 pigebit.
498 3327 722 3392 Hinoquoqneap
768 3327 806 3376 rt'a
822 3327 964 3388 servitutis,
983 3327 1319 3392 testimoniamproeaeatiom

169 3416 240 3474 paret
265 3423 317 3457 non
335 3408 403 3456 aliud
418 3408 574 3472 eloquentiae
590 3423 669 3472 genus
684 3423 723 3459 oo
769 3408 1320 3472 tomum,composuissemuodsuoetlibas

169 3491 314 3554 gitandnm,
331 3493 407 3552 qnam
422 3490 490 3553 qnod
504 3491 611 3553 pertinet
627 3493 723 3540 adcon-
768 3491 800 3538 de
808 3489 959 3552 temporibus
966 3487 1117 3552 principatus
1125 3488 1320 3552 exponere,hoc

172 3572 331 3620 scribendam
355 3571 492 3619 historiam.
517 3570 625 3629 Forum,
643 3573 723 3632 mnia,
768 3572 820 3620 iam
836 3571 917 3632 ipsum
925 3567 1283 3633 esttestimoniumpraesentis
1291 3571 1319 3620 li·

169 3651 330 3716 philosophia
346 3663 418 3701 suam
434 3653 482 3702 sibi
497 3649 591 3700 habent
598 3651 723 3714 propriam
769 3652 878 3702 hastatis.

171 3735 349 3798 eloquentiam.
369 3733 420 3793 Qui
438 3734 464 3782 in
481 3748 533 3782 nna
548 3732 723 3790 excellit,non
803 3730 856 3780 Hic
881 3731 979 3782 interim
1007 3729 1077 3782 liber.
1096 3732 1247 3796 Priusquam
1262 3733 1319 3784 scri·

172 3815 273 3866 excellit
290 3815 431 3864 necessario
447 3815 474 3863 in
491 3815 582 3874 altera,
600 3814 651 3862 imo
667 3831 724 3864 roro
769 3815 828 3863 bere
860 3815 892 3863 de
921 3813 1061 3877 principatu
1086 3815 1229 3877 aggrediar,
1253 3814 1321 3863 hunc

172 3897 281 3947 excellit.
299 3895 360 3944 Non
368 3895 463 3959 pigebit
471 3893 724 3956 composuisse‚recte
770 3897 801 3944 de
834 3893 954 3958 Agricola
978 3893 1070 3942 libmm
1095 3893 1169 3943 edidi.
1205 3893 1320 3954 Tacitus,

172 3991 213 4028 me
230 3976 317 4026 fecisse
333 3976 483 4035 arbitrabor,
500 3975 522 4023 si
535 3979 723 4039 composuerim.
769 3983 843 4041 puto,
868 3978 896 4026 in
922 3977 1006 4026 animo
1022 3975 1144 4034 habebat,
1160 3975 1241 4023 mains
1258 3973 1321 4026 illud

173 4059 283 4120 Quintil.
308 4059 373 4107 Inst.
401 4057 471 4108 Orat.
496 4057 550 4106 111.
569 4073 587 4107 1.
606 4063 646 4107 22.
664 4057 725 4108 Non
770 4073 845 4122 opus,
861 4059 893 4107 de
911 4058 979 4106 Vitis
994 4056 1148 4120 principum,
1164 4070 1228 4120 quae
1241 4056 1320 4120 ipsam

173 4149 253 4190 tomen
265 4148 326 4206 post
343 4148 378 4188 tot
394 4155 425 4188 ao
442 4146 523 4187 tantos
538 4139 674 4206 scriptores
683 4142 724 4206 pi·
751 4136 901 4190 'historiam
925 4153 1009 4188 rerum
1034 4137 1186 4196 efficiebant,
1212 4137 1243 4188 ab
1266 4139 1319 4188 An·

172 4221 238 4286 pebit
262 4237 338 4270 meam
363 4219 508 4284 quibasdam
532 4219 592 4269 locis
609 4222 725 4285 posuisse
770 4228 843 4284 gusto
868 4221 958 4278 ordiri,
984 4225 1009 4268 et
1034 4221 1065 4268 od
1091 4234 1136 4267 sua
1153 4224 1264 4280 temporo.
1280 4221 1320 4270 da·

173 4303 324 4352 sententiam.
351 4303 452 4352 Tacitus
474 4303 501 4350 in
518 4301 602 4350 animo
618 4301 725 4352 habebat
770 4303 867 4350 ducere.
887 4299 1000 4348 Servitus
1017 4301 1084 4348 enim
1101 4300 1132 4348 ab
1150 4298 1268 4362 Angusto
1284 4303 1320 4352 ln·

173 4385 280 4434 son‘bere
304 4383 435 4434 historiam
457 4383 632 4448 principatus,
657 4385 723 4448 qnod
769 4383 841 4446 cepit.
867 4381 959 4430 Postea
980 4381 1159 4444 propemodum
1183 4395 1271 4434 omnes
1292 4385 1320 4436 li-

175 4471 211 4514 eat
234 4465 407 4516 testimoninm
422 4465 556 4526 libertatis,
574 4479 649 4529 quarn
666 4481 723 4516 omn
770 4466 889 4514 bertetem
906 4475 1056 4526 oppressero.
1074 4465 1183 4515 Mutavit
1201 4466 1320 4518 hamanus
