3074 5310
234 499 296 562 160

667 508 822 556 connum
846 509 957 556 ntcttr

227 681 286 746 bus
321 681 394 746 satis
430 689 553 745 constat
588 677 761 744 Domitiani
795 698 922 766 qnoque
958 698 1048 744 aures
1076 676 1267 752 verberatas,
1291 675 1370 742 dum

227 787 363 876 optimus
399 786 533 875 quisque
568 783 754 850 libertorum
784 805 890 850 amore
910 794 941 848 et
961 782 1044 862 fide,
1068 783 1197 872 pessimi
1220 783 1371 872 maligni-

225 903 290 958 tate
320 903 351 957 et
386 891 483 957 livore
517 911 655 978 pronum
677 888 885 954 deterioribus
906 888 1084 977 principem
1107 888 1371 954 exstimulabant.

227 995 281 1064 Sic
312 996 460 1085 Agricola
490 995 584 1061 simul
619 995 680 1059 suis
715 992 901 1069 virtutibus,
936 993 1030 1059 simul
1065 993 1147 1058 vitiis
1179 993 1315 1060 aliorum
1339 994 1375 1060 in

226 1104 327 1192 ipsam
350 1101 482 1190 gloriam
503 1122 654 1189 praeceps
675 1098 842 1188 agebatur.

274 1206 377 1274 XLII.
415 1205 532 1273 Aderat
575 1205 639 1270 iam
670 1226 790 1282 annus,
829 1224 892 1291 quo
925 1201 1184 1292 proconsulatum
1218 1201 1309 1270 Asiae
1343 1217 1377 1271 et

229 1310 354 1378 Africae
385 1311 567 1389 sortiretur,
588 1322 621 1376 et
643 1310 746 1375 occiso
772 1307 878 1374 Civica
902 1331 1004 1399 nuper
1027 1329 1087 1374 nec
1108 1308 1273 1396 Agricolae
1298 1330 1376 1376 con·

228 1416 332 1482 silium
364 1415 492 1496 deerat,
522 1438 581 1482 nec
615 1415 797 1480 Domitiano
821 1414 1012 1503 exemplum.
1051 1413 1220 1480 Accessere
1242 1414 1376 1504 qnidam

228 1519 454 1610 cogitationum
488 1519 638 1607 principis
666 1519 777 1608 periti,
811 1519 867 1608 qui
897 1520 1040 1585 iturusne
1073 1529 1153 1584 esset
1188 1519 1222 1583 in
1245 1521 1376 1608 provin-

228 1626 310 1690 ciam
331 1624 415 1688 ultro
445 1623 625 1713 Agricolam
649 1625 888 1712 interrogarent.
911 1622 958 1689 Ac
980 1625 1083 1712 primo
1107 1623 1262 1690 occultius
1282 1626 1375 1714 quie·

233 1837 340 1906 glorium
356 1837 519 1905 quaesivisse:
538 1855 618 1890 eorum
636 1847 779 1892 autemtam
824 1840 939 1904 patravit.
974 1839 1052 1892 Recte
1080 1839 1202 1890 diceretur
1231 1837 1379 1888 Domitiano

230 1922 327 1972 humile
343 1926 368 1972 et
384 1935 596 1984 supervacaneum
612 1928 657 1982 est,
671 1922 780 1986 ntpauci
825 1937 871 1970 ncn
895 1919 1010 1986 defuisse
1031 1921 1177 1987 exemplum,
1193 1921 1216 1971 si
1233 1920 1322 1972 Civica
1338 1935 1379 1969 oc·

229 2001 375 2068 iriterpretes
383 2004 542 2054 tolerandum
549 2004 699 2053 censuerim.
715 2002 777 2052 Gro-
824 2003 892 2052 oisus
910 2007 975 2051 assat
990 2003 1221 2066 aVespasianovel
1232 2003 1299 2053 Tito.
1311 2002 1381 2052 Tum

228 2085 296 2145 tius,
311 2085 410 2148 legebat
426 2093 568 2134 ceterorum.
587 2085 708 2136 Ernestus
725 2100 779 2134 oce·

230 2181 324 2226 serum,
350 2167 454 2229 Bipont.
480 2164 584 2214 aliorum
609 2173 652 2216 aut
668 2165 779 2227 illorum,

230 2247 274 2298 alii
289 2248 431 2297 membrum
447 2247 586 2296 sententiae
602 2248 725 2298 candisse
740 2262 779 2298 sn-

230 2327 370 2393 spioautnr,
387 2328 456 2392 qnod
471 2327 634 2378 inchoabatur
652 2343 667 2378 a
684 2329 780 2392 quibus.

231 2410 340 2462 waxius
354 2425 435 2458 eorum
451 2409 526 2458 delet.

265 2488 298 2539 In
313 2490 394 2555 ipsum
409 2489 514 2554 gloriam
519 2506 643 2556 praeceps
651 2491 779 2557 agebatur.

825 2098 852 2134 se
870 2082 1003 2133 defendere
1016 2091 1114 2147 poterat
1126 2085 1244 2149 exemplo
1260 2085 1329 2148 quod
1336 2098 1381 2134 au·

825 2171 972 2224 tecesserat3
989 2166 1059 2229 quod
1075 2166 1120 2214 alii
1136 2165 1381 2226 iamfecissent,cur

825 2247 878 2311 ipse
911 2261 963 2296 non
995 2245 1105 2297 iaceret?
1132 2248 1281 2311 Legendum
1305 2253 1380 2311 puto:

827 2343 870 2378 nec
886 2325 1023 2392 Agricolae
1041 2326 1169 2378 consilium
1186 2327 1273 2378 deerat
1289 2343 1381 2378 mesa·

826 2408 936 2474 emplum.
963 2407 1101 2472 Agricola,
1127 2411 1222 2474 peritus
1237 2416 1381 2474 temporum

826 2491 897 2540 etvir
906 2503 1014 2553 maguae
1029 2492 1184 2555 prudentiae,
1201 2491 1383 2556 quiprastarea

232 2571 265 2620 In
290 2570 383 2632 ipsam,
407 2572 440 2620 ad
463 2572 544 2635 ipsam
568 2573 688 2635 gloriam,
704 2588 781 2638 qnam
825 2586 904 2636 nuper
921 2585 935 2622 e
953 2572 1087 2621 Britannia
1099 2574 1181 2622 redux
1197 2572 1311 2622 animum
1328 2571 1381 2620 Do·

231 2657 359 2716 tantopere
384 2652 478 2702 evitare
494 2653 619 2714 studebat,
636 2655 781 2718 praecipita·
826 2653 924 2702 mitiani
949 2654 1008 2703 satis
1024 2659 1186 2717 perspexerat
1205 2669 1239 2704 ex
1254 2654 1326 2704 brevi
1342 2667 1381 2704 cs·

232 2733 316 2793 batur,
349 2738 478 2797 tamquam
502 2733 616 2782 exitium.
648 2733 691 2784 Sic
716 2735 782 2795 apud
825 2734 882 2784 culo
915 2741 940 2785 et
965 2736 1035 2785 nullo
1059 2747 1189 2794 sermone,
1215 2735 1266 2783 iam
1292 2748 1379 2784 secum

232 2813 291 2864 Isiu.
318 2813 399 2863 VIII.
426 2815 449 2862 t.
471 2815 503 2863 da
528 2814 641 2873 Manlio,
659 2814 781 2878 Torquati
825 2816 987 2866 constituerat
1010 2822 1126 2866 neutram
1141 2816 1299 2878 provinciam
1316 2816 1379 2868 attrui-⁴

232 2894 297 2946 lilios
324 2891 406 2944 Movit
421 2894 535 2959 seronem
551 2895 656 2944 animum
672 2894 780 2954 iuuenis,
825 2910 893 2960 pare.
910 2897 947 2946 Ut
963 2898 999 2946 ita
1014 2897 1120 2956 iaceret,
1137 2897 1261 2948 suadebat
1277 2911 1379 2962 qnoque

231 2989 274 3026 seu
291 2973 346 3036 irc,
364 2991 406 3025 seu
424 2973 578 3026 detrectandi
587 2977 728 3027 certaminis
732 2994 780 3042 pu·
826 2977 896 3028 triste
928 2977 1029 3029 Civitas
1060 2978 1213 3041 exemplum.
1246 2978 1379 3028 Kritaiusr

232 3057 278 3108 dor
294 3073 338 3107 sen
354 3057 561 3122 inexsuperabilis
577 3058 615 3108 vis
626 3058 694 3124 scii.
718 3055 779 3108 Obli·
829 3075 894 3108 ranon
918 3058 987 3109 dubii
1003 3067 1088 3120 mant,
1106 3059 1243 3122 Agricola,
1260 3059 1320 3123 guin
1337 3059 1379 3110 ab·

233 3145 272 3188 tus
288 3137 374 3203 itaque
389 3137 489 3202 imperii
499 3139 596 3204 patrii,
612 3139 781 3203 consulumque
826 3149 925 3200 nueret,
951 3155 984 3190 ne
1009 3141 1078 3192 idem
1098 3147 1237 3204 pateretur,
1253 3142 1322 3206 qnod
1338 3139 1379 3192 et-

232 3217 320 3279 edicti,
341 3233 467 3283 praeceps
491 3218 527 3268 od
547 3218 576 3269 id
591 3229 713 3269 certanen
729 3220 781 3284 agi·
826 3221 895 3282 vica,
920 3221 1089 3282 Domitianus,
1107 3219 1166 3286 guin
1182 3220 1246 3270 idem
1258 3222 1379 3287 faceret,

233 3306 290 3354 turs
314 3315 361 3361 quo
377 3298 484 3348 uinceret
500 3313 533 3348 an
547 3299 698 3358 vinceretur,
715 3298 784 3348 baud
825 3307 854 3351 ut
877 3303 904 3352 in
927 3303 1026 3364 Civica,
1052 3305 1073 3353 si
1092 3303 1214 3368 Agricola
1230 3301 1379 3366 acciperet.”

232 3377 332 3430 multum
355 3379 491 3448 interesset.
518 3381 621 3432 Sallust.
647 3380 722 3432 Catil.
739 3385 781 3430 ³1.
828 3383 909 3444 Tum,
925 3390 998 3449 puto,
1014 3386 1149 3448 legendum
1165 3391 1231 3434 erat:
1249 3381 1379 3448 necAgri·

234 3458 354 3517 Quoniam
378 3461 474 3525 guidem
496 3462 671 3513 circumuentus
688 3463 718 3512 ab
735 3462 782 3512 ini·
827 3463 896 3514 cclae
918 3465 1063 3530 exemplum,
1080 3481 1123 3514 nec
1140 3463 1285 3526 Domitiano
1303 3463 1380 3514 corasi-

233 3541 302 3592 micis
323 3558 447 3608 praeceps
462 3560 538 3608 agor,
555 3543 691 3594 incendium
706 3559 782 3592 meum
827 3545 885 3595 lium
910 3544 1003 3597 deerat.
1031 3546 1107 3607 Quod
1131 3561 1184 3595 non
1208 3546 1279 3610 peina
1296 3552 1377 3605 esset,

233 3622 309 3671 ruina
331 3623 491 3688 exstinguam,
514 3626 532 3674 i.
549 3638 571 3674 e.
589 3640 706 3689 praeceps
721 3641 782 3688 agor
826 3643 902 3692 quam
919 3629 940 3676 si
956 3625 1102 3676 Domitiano
1119 3628 1260 3676 eiceretur:
1278 3639 1380 3676 eavoce

233 3704 261 3753 in
277 3702 433 3764 incendium,
450 3705 514 3754 illud
530 3707 690 3770 exstinguam
700 3706 781 3754 ruina.
827 3715 939 3768 servata,
965 3709 1068 3758 Tacitus
1090 3708 1240 3771 scripsisset:
1258 3714 1282 3756 et
1298 3706 1380 3758 occiso

234 3783 325 3836 simus
348 3785 410 3848 quid
433 3785 498 3835 inest
515 3783 636 3836 formulae
654 3785 781 3846 Gramen,
832 3787 917 3839 Giuicc
938 3803 1016 3854 nuper
1033 3803 1050 3837 u
1067 3786 1225 3848 Domitiano,
1243 3786 1380 3852 Agricolae

233 3881 310 3932 quam
335 3866 470 3930 explicarit
495 3868 630 3930 Berglerus
654 3868 686 3917 sd
712 3868 781 3916 Alei·
827 3868 913 3920 demat
930 3885 973 3918 nec
990 3869 1115 3920 consitium
1132 3886 1175 3919 nec
1193 3867 1335 3934 eaempluna

233 3948 323 4014 pbrcn.
340 3947 421 4011 Ilpiat.
438 3948 461 3997 1.
478 3963 503 4012 p.
521 3951 562 4000 st.
580 3947 635 3998 τῶν
655 3949 697 4006 εἰς
709 3947 782 3998 Hro-
860 3949 995 4002 Accessere
1020 3949 1126 4016 guidam.
1152 3952 1169 4000 i.
1187 3965 1210 4001 e.
1235 3963 1379 4008 accessere,

234 4031 299 4097 guad
326 4027 504 4096 φθαρέντων,
529 4033 573 4096 qui
598 4034 664 4083 malo
689 4046 735 4083 suo
755 4034 782 4082 in
827 4039 955 4098 tamqnam
979 4048 1100 4096 maguum
1116 4037 1281 4083 momentum.
1299 4031 1380 4082 Addi-

234 4114 353 4164 Piraeum
368 4120 506 4175 renuant,
523 4127 554 4165 eo
565 4122 686 4166 venerant
693 4119 722 4165 ut
729 4129 782 4180 per·
828 4116 1016 4178 daremagnum
1023 4120 1179 4165 momentum
1187 4114 1293 4165 consilio
1302 4113 1379 4176 Agri·

234 4195 359 4246 darentur.
828 4196 911 4254 colae,
935 4202 965 4245 nt
988 4196 1205 4260 proconsulatum,
1223 4210 1268 4246 seu
1286 4195 1378 4246 Asiam

267 4274 326 4326 Nec
343 4273 479 4342 Agricolae
495 4277 783 4337 consiliumdeerct,nec
829 4290 872 4326 seu
891 4275 1006 4328 antam
1022 4279 1159 4336 sortiretur,
1176 4283 1310 4327 recusaret.

236 4351 380 4406 Domitiano
397 4357 537 4425 canapium.
572 4359 653 4408 Miror
669 4359 717 4408 hoc
733 4359 783 4408 dici
863 4355 992 4408 Postremo
1009 4375 1055 4408 non
1071 4358 1121 4407 iam
1138 4357 1242 4408 obscuri.
1261 4358 1295 4407 In
1314 4356 1378 4408 Mas.

236 4435 267 4484 de
281 4435 401 4498 facinore,
417 4443 484 4504 quod
502 4441 661 4492 Domitianus
669 4440 721 4504 ipse
730 4455 782 4504 per·
828 4455 874 4490 non
906 4449 967 4502 tum,
992 4441 1060 4506 quod
1082 4441 1199 4490 nonnulli
1220 4444 1378 4493 revocarunt.
