3074 5310
266 504 329 566 170

674 520 831 567 cantatu
855 518 968 566 Tblll'l'l

265 709 337 780 rere
361 685 467 766 bona,
489 709 570 776 quaa
594 690 627 752 in
651 686 819 752 virtutibus
843 689 901 752 sita
925 698 1016 764 sunt,
1041 685 1249 776 impleverat,
1277 698 1311 750 et
1333 708 1409 752 con·

265 791 361 858 sulari
393 815 432 856 ac
466 792 711 882 triumphalibus
747 792 938 858 ornamentis
973 790 1117 880 praedito
1142 791 1219 879 quid
1244 791 1331 856 aliud
1354 791 1410 856 ad-

266 910 386 964 struere
420 897 546 962 fortuna
582 899 735 986 poterat?
774 896 895 987 Opibus
919 896 1025 960 nimiis
1049 918 1112 960 non
1136 894 1319 984 gaudebat,
1344 919 1411 985 spe·

297 1119 394 1171 Bonum
409 1124 488 1173 uirum
499 1123 586 1188 facile
602 1123 730 1184 crederes,
747 1140 812 1189 map-

264 1219 319 1252 num
344 1203 452 1256 libenter.
480 1205 532 1266 Qui
550 1202 697 1268 Agricolam
714 1207 811 1269 ignora-

263 1284 336 1344 bant,
361 1286 442 1348 primo
463 1287 520 1336 visu
543 1285 629 1345 tacita,
646 1288 743 1346 statim,
760 1300 811 1336 crs·

263 1365 351 1414 darent
367 1368 809 1416 affirmantibusbonumessevirum.

262 1445 361 1496 Decens
393 1447 505 1508 habitus,
530 1449 614 1496 tultus
639 1449 810 1507 verecundus,

262 1528 313 1576 oris
329 1528 410 1576 multa
426 1529 506 1590 gratia
522 1528 597 1576 fidem
614 1528 746 1577 faciebant.
764 1527 810 1576 lis·

161 1646 168 1660 .
261 1609 320 1657 dem
338 1614 421 1657 autem
434 1609 611 1658 affirmantibus
628 1611 736 1659 eundem
750 1623 810 1672 quo-

261 1702 310 1752 que
326 1704 447 1753 magnum
462 1690 545 1738 virum
561 1704 627 1750 esse,
645 1691 809 1739 libentercre·

261 1771 361 1830 darent,
378 1783 530 1834 quamquam
545 1771 590 1819 vix
608 1771 747 1833 intelligere
754 1784 809 1833 pos·

261 1857 325 1900 sent.
359 1851 480 1902 Wexius:
499 1851 637 1911 uhominis,
654 1852 698 1915 qui
714 1851 809 1900 inrisus

261 1933 339 1981 nobis.
359 1939 408 1991 est,
433 1932 512 1981 invito
537 1934 621 1982 animo
638 1938 663 1981 et
679 1945 752 1994 aegre
768 1946 810 1994 ag·

260 2015 385 2062 noscimus
410 2025 471 2076 quas
495 2012 570 2062 habet
586 2015 705 2072 virtutes,
722 2018 809 2061 eontra

260 2109 336 2157 quem
361 2108 488 2154 amamus,
514 2095 567 2143 sius
593 2097 659 2144 bona
681 2093 767 2141 animo
784 2099 809 2142 et

260 2175 349 2224 libenti
365 2175 535 2236 agnoscimus,
553 2182 577 2224 et
594 2173 792 2238 praedicamus.''

294 2251 331 2302 Et
347 2253 400 2318 ipse
416 2253 519 2316 quidem,
536 2271 682 2319 quamquam
697 2253 774 2304 medio
783 2253 809 2302 in

261 2334 343 2400 spatio
360 2334 470 2398 inteprae
487 2336 579 2384 aetatis
597 2344 704 2400 ereptus.
738 2335 808 2384 Non-

261 2415 331 2466 nulla
355 2416 382 2464 in
404 2415 444 2463 his
468 2416 551 2466 minua
569 2421 626 2480 apto
642 2417 708 2465 inter
725 2412 752 2464 se'
768 2431 807 2464 co-

261 2497 495 2546 haererevidentur.
510 2497 615 2560 Aptius,
624 2504 696 2561 puto,
706 2498 733 2546 in
741 2497 809 2546 hunc

262 2578 376 2626 ordinem
405 2579 554 2640 transposita
586 2584 807 2627 connecterentur:

261 2657 360 2707 Bonum
375 2657 452 2706 virum
464 2657 550 2720 facile
566 2657 809 2720 crederes,mapnum

263 2739 372 2788 libenter.
403 2736 494 2802 Opibus
510 2737 591 2786 nimiis
603 2753 649 2786 non
668 2736 808 2802 pandebat,

261 2818 354 2884 quippe
368 2826 392 2867 et
407 2817 706 2884 speciosaecontiperant,
716 2825 808 2866 etoera

261 2901 336 2960 bona,
354 2915 417 2964 quae
434 2900 459 2948 in
475 2898 603 2949 uirtutibus
619 2899 669 2948 sita
684 2899 806 2960 sunt,im·

257 2981 380 3048 placeret.
398 2979 458 3047 Ipse
475 2980 583 3045 quidem,
600 2997 745 3046 quamquam
761 2998 806 3030 me·

261 3063 303 3113 dio
319 3063 345 3112 in
358 3053 442 3128 'spatio
458 3063 569 3127 inteprae
585 3063 675 3112 aetatis
691 3071 807 3127 ereptus,

262 3152 379 3208 quantum
403 3142 439 3191 ad
451 3143 570 3208 pieriam,
589 3143 751 3208 longissimum
767 3160 807 3192 ae·

261 3240 316 3273 uum
337 3225 443 3288 perepit.
469 3222 507 3272 Et
531 3224 654 3272 consulari
678 3239 708 3272 ac
726 3223 807 3274 trium·

258 3305 377 3370 pbalibus
414 3305 560 3354 ornamentis
591 3303 721 3370 praedita,
748 3305 809 3368 quid

261 3385 333 3436 aliud
355 3385 485 3437 adstruere
504 3388 616 3451 fortuna
629 3391 748 3450 poterat?
762 3385 806 3436 Fi·

261 3467 296 3516 lia
313 3475 387 3532 atque
404 3483 480 3516 auore
496 3467 684 3532 superstitibus,
694 3466 808 3516 incolumi

261 3547 395 3612 dimitam,
406 3548 514 3610 florente
525 3551 618 3613 santa,
636 3549 712 3598 saluis
729 3549 806 3614 affini·

261 3629 353 3677 tatibus
370 3636 394 3676 ct
410 3629 541 3688 amicitiis,
556 3628 807 3694 potestuidcrietiam

260 3709 345 3778 beatus
356 3711 453 3774 sutura
469 3707 593 3773 effupisse.
610 3711 670 3759 Non
686 3707 808 3774 pandebat

200 3782 207 3792 “
260 3791 349 3856 opibus
373 3790 471 3850 nimiis,
496 3806 548 3839 non
570 3792 750 3850 delectabatur,
766 3806 808 3841 eas

259 3889 311 3923 non
336 3873 423 3938 magni
438 3872 542 3922 faciebat
551 3894 557 3931 ς
582 3886 663 3936 neque
680 3877 748 3931 erat,
765 3888 808 3922 cur

260 3955 300 4003 vir
324 3955 382 4004 talis
407 3961 523 4018 optasset.
549 3955 618 4003 Nam
634 3955 693 4002 satis
711 3955 807 4017 amplae

259 4037 432 4098 contigerant,
457 4037 524 4084 unde
548 4035 652 4085 honeste
676 4035 760 4084 vivere
784 4041 808 4084 et

260 4119 409 4181 dignitatem
425 4117 489 4166 tueri
505 4123 599 4180 posset,
618 4123 656 4176 et,
673 4117 741 4181 quod
756 4132 807 4166 ma-

260 4199 307 4259 ius,
324 4200 475 4258 verobona,
492 4198 519 4246 in
535 4198 668 4247 virtutibus
685 4199 744 4259 sita,
762 4199 807 4247 im·

259 4281 378 4341 pleverat.
409 4278 478 4329 Vera
502 4281 564 4328 bona
581 4285 738 4342 opponuntur
754 4279 806 4343 opi-

260 4360 315 4418 bus,
341 4361 442 4410 divitiie.
469 4361 549 4411 Tacit.
574 4359 641 4410 Hist.
664 4359 715 4408 IV.
734 4364 758 4418 5,
775 4360 807 4408 de

259 4439 378 4491 Helvidio
408 4443 506 4492 Prisco:
534 4443 646 4492 doctores
672 4441 806 4505 sapientiae

857 1131 955 1174 secutus
980 1131 1030 1184 est,
1057 1122 1100 1186 qui
1125 1121 1180 1170 sola
1197 1122 1274 1182 bona,
1293 1137 1358 1186 quae
1372 1121 1410 1170 bo·

857 1214 941 1264 nesta,
958 1203 1024 1253 mala
1041 1212 1146 1262 tantum,
1165 1219 1229 1266 quae
1247 1203 1351 1268 turpia.-
1365 1220 1411 1268 po·

858 1286 970 1345 tentiam,
1004 1284 1154 1334 nobilitatem
1183 1291 1314 1346 ceteraque
1339 1292 1412 1332 extra

857 1367 974 1426 animum,
999 1380 1075 1429 neque
1100 1365 1167 1414 bonis
1183 1379 1260 1428 neque
1276 1363 1352 1413 malis
1368 1380 1410 1413 an·

856 1454 989 1496 numerant.
1008 1445 1129 1508 Agricola
1136 1446 1206 1495 idem
1214 1445 1336 1494 didicerat
1344 1445 1411 1494 Mas·

856 1529 934 1578 silias.
959 1527 1029 1578 Vara
1054 1527 1111 1586 illa,
1129 1533 1231 1576 aeterrm
1247 1541 1301 1576 non
1318 1535 1411 1577 morta·

855 1608 903 1666 lia,
926 1605 1050 1666 coelestia,
1068 1613 1096 1655 ut
1113 1607 1410 1672 Christianiloquuntur,

854 1687 1010 1753 impleuerat,
1027 1693 1125 1738 tantam
1141 1703 1228 1737 eorum
1244 1690 1346 1752 copiam
1362 1690 1410 1740 sibi

854 1775 1053 1832 comparaverat,
1078 1775 1106 1818 ut
1131 1783 1249 1818 mensura
1275 1777 1342 1820 essct
1363 1771 1408 1819 im·

854 1852 934 1914 plata,
952 1865 999 1901 noc
1011 1851 1148 1914 quidquam
1156 1851 1214 1898 addi
1222 1857 1314 1914 posset.
1325 1852 1409 1900 Multa

854 1932 881 1979 in
907 1931 995 1979 Tacito
1019 1945 1064 1994 per
1088 1932 1271 1994 negligentiam
1295 1933 1409 1984 librario·

853 2027 910 2060 rum
926 2013 992 2061 male
1005 2013 1239 2061 traiectaridcntur.
1258 2013 1300 2062 Ita
1310 2014 1408 2064 Annal.

855 2091 933 2143 XIV.
953 2099 991 2142 11.
1010 2091 1126 2156 Namque
1138 2101 1162 2141 et
1178 2095 1409 2158 naufruyiumnar·

854 2175 927 2222 rabat
950 2201 985 2211 ·-
1003 2173 1173 2238 perfrinperet
1188 2177 1305 2238 ponenda
1321 2175 1409 2224 viden·

854 2260 894 2303 tur
918 2261 974 2318 post
999 2253 1065 2317 quod
1080 2253 1191 2302 oratione
1208 2254 1256 2304 tali
1272 2256 1409 2320 consessio·

854 2351 906 2384 nem
924 2336 1077 2402 scripsisset.

888 2411 974 2466 Medio
1006 2417 1032 2466 in
1058 2415 1141 2481 spatio
1165 2405 1279 2482 inteprae
1304 2419 1406 2468 aetatis.

854 2497 974 2562 Agricola
1005 2498 1113 2547 habebat
1145 2512 1224 2546 annos
1249 2503 1358 2560 quatuor
1383 2505 1408 2550 et

854 2580 1037 2642 quinquaginta
1058 2594 1136 2643 quum
1152 2578 1314 2629 moriebatur.
1342 2577 1407 2630 Inte·

852 2675 901 2722 pra
926 2669 998 2708 aetas
1014 2665 1051 2709 est
1067 2659 1242 2709 adolescentia.
1260 2657 1406 2710 Adolescen-

855 2741 891 2789 tia
915 2743 992 2804 vulgo
1014 2741 1041 2789 in
1059 2756 1105 2789 usu
1121 2743 1249 2790 communi
1265 2743 1406 2792 maximam

852 2821 919 2870 vitae
926 2831 1022 2885 partem
1030 2822 1215 2884 complectitur,
1225 2824 1406 2887 mediaquippe

853 2902 918 2950 inter
934 2904 1066 2966 pueritiam
1083 2908 1107 2952 et
1124 2909 1284 2952 senectutem.
1317 2903 1405 2954 Cicero

852 2983 883 3031 de
907 2983 1006 3033 Senect.
1024 2990 1049 3034 ³.
1070 2981 1120 3039 Qut
1136 2983 1209 3032 citius
1226 2983 1406 3034 adolescentiae

854 3072 978 3124 senectus,
1005 3080 1076 3128 quam
1094 3065 1222 3129 pucritiae
1238 3065 1405 3116 adolescentia

852 3145 984 3208 subrepit?
1003 3146 1127 3208 Agricola
1151 3152 1205 3195 erat
1228 3148 1295 3196 inter
1323 3148 1404 3198 adole·

852 3226 971 3275 scentiam
993 3234 1018 3275 at
1034 3233 1202 3288 senectutem,
1221 3234 1246 3276 et
1262 3227 1315 3278 fera
1331 3229 1403 3288 talis,

852 3307 952 3370 qualem
968 3309 1057 3372 aliquis
1075 3309 1189 3372 depinxit
1210 3307 1402 3360 Orid.Metam.

854 3388 919 3437 XII.
946 3393 1003 3438 464,
1028 3387 1097 3438 Huic
1115 3398 1186 3439 aetas
1202 3390 1266 3438 inter
1283 3391 1400 3440 inueneru-

853 3484 898 3531 que
922 3484 1054 3534 senemque.
1085 3469 1131 3520 Vis
1148 3470 1260 3520 iuuenilis
1278 3481 1341 3532 erat,
1360 3489 1401 3522 ua·

852 3549 951 3598 ciebant
984 3558 1094 3616 tempora
1119 3552 1182 3601 cani.
1210 3551 1253 3601 Sic
1278 3551 1400 3616 Agricola

853 3633 966 3680 nondum
997 3648 1082 3691 aenea,
1114 3633 1214 3696 propior
1239 3639 1325 3682 tamen
1351 3642 1403 3683 eret

853 3713 987 3770 senectuti,
1020 3729 1097 3776 quam
1129 3719 1158 3761 ut
1182 3719 1281 3774 ereptus
1305 3715 1403 3764 dicatur

854 3791 930 3840 medio
955 3793 981 3842 in
1006 3794 1089 3858 spatio
1110 3793 1219 3856 inteprae
1235 3795 1336 3844 aetatis.
1362 3797 1404 3846 Da

853 3889 878 3922 v.
896 3888 917 3921 c.
935 3874 1114 3923 adolescentiae
1122 3875 1229 3936 spatium
1237 3876 1405 3939 quadraginta

854 3969 988 4014 annorum,
1007 3955 1069 4004 adde
1086 3956 1403 4020 annospr1eritiae,quan-

853 4042 907 4085 tum
924 4037 1021 4095 deerat,
1036 4037 1170 4100 quominus
1187 4044 1251 4084 esset
1261 4044 1343 4087 aetate
1352 4055 1404 4089 non

854 4116 964 4178 integra,
990 4117 1082 4165 senili?
1126 4115 1210 4176 Quare
1236 4120 1346 4181 spatium
1371 4123 1405 4170 ab

853 4202 932 4246 aetate
949 4199 1126 4259 separandum,
1144 4203 1169 4246 et
1185 4198 1405 4263 legendumputo:

854 4293 999 4341 quamquam
1028 4277 1104 4326 medio
1129 4278 1155 4326 in
1180 4278 1276 4343 spatio,
1304 4279 1406 4346 intepra

853 4366 947 4416 aetate,
965 4366 1081 4422 ereptus;
1099 4366 1197 4423 areptus
1213 4361 1297 4410 medio
1315 4363 1342 4411 in
1352 4379 1407 4428 spa·

852 4439 887 4488 tio
903 4439 983 4490 laudis
1000 4441 1091 4490 virtute
1108 4447 1132 4490 et
1148 4441 1244 4490 meritis
1259 4447 1363 4505 partae,
1382 4455 1408 4498 et
