3074 5310
246 523 312 584 200
724 533 891 582 contuor.

242 712 407 771 ront,qasn1
422 705 466 770 qni
483 704 611 756 anionai
627 715 656 754 oc
672 704 748 755 simol
765 705 874 762 stiunt,
891 701 1033 765 corporibus
1050 715 1171 766 eqourum
1178 702 1380 768 impellebantur.

243 791 389 842 Accedebat
410 791 487 842 altere
502 791 639 842 calamites.
672 791 740 842 Nem
755 790 814 855 eqni
829 786 1038 847 cernuat-iorum,
1055 787 1087 837 eb
1103 788 1227 852 equitius
1241 790 1381 842 nosnirtn·

241 882 374 940 gaiorum,
390 877 449 941 regi
473 882 498 927 et
524 877 649 936 exterriti,
673 877 765 943 qnippe
789 875 844 924 sine
867 875 1016 934 rombus,
1042 874 1069 924 in
1085 875 1180 940 pedites
1196 883 1296 927 nostros
1312 883 1337 927 st
1352 879 1381 927 in

241 961 326 1012 frona
340 968 365 1012 et
381 963 408 1012 in
424 964 503 1012 latere
518 963 684 1014 inclinabunt.
719 963 819 1012 Mutela
833 960 910 1010 iacies
925 972 1025 1023 pugnae
1040 959 1144 1010 minime
1160 970 1271 1028 eratpro
1279 963 1380 1023 menia

241 1053 271 1098 at
295 1048 385 1112 Agric.
409 1051 450 1099 31.
480 1046 565 1099 Omnia
579 1049 701 1100 victoriae
716 1049 874 1098 incitamenta
886 1061 936 1111 pro
953 1043 1020 1094 nobis
1035 1053 1106 1094 sarar
1122 1052 1177 1095 turn
1193 1063 1272 1112 aeque
1288 1047 1383 1098 arara

241 1147 275 1181 ac
297 1132 369 1183 sinui
391 1133 971 1194 maes‚utPlcatur‘li·nan1v.n1.ts.
997 1127 1069 1181 &aas
1083 1129 1205 1182 diuersae.
1223 1133 1320 1184 Vocem
1335 1147 1381 1184 ex·

240 1219 318 1284 plicet
334 1218 495 1286 Oudendorp.
511 1222 545 1272 sd
560 1220 659 1272 enan.
675 1223 709 1271 de
724 1221 758 1270 B.
774 1219 807 1272 G.
823 1215 1380 1286 11.eo.stmlaoreaieitur,usetmlaa,

241 1306 344 1358 i.c.in
361 1308 672 1370 eadernlocoooninncti,
689 1314 828 1367 maere,
845 1319 907 1357 esse.

274 1477 309 1528 P.
327 1482 382 1527 145.
416 1476 574 1530 Paucitatern
606 1489 743 1530 nostrorum
771 1477 845 1527 uacui
869 1476 1023 1542 spernebant.
1059 1475 1111 1537 Qut
1139 1491 1238 1541 pugneo
1262 1483 1382 1542 expertes

241 1567 323 1624 nant,
346 1563 411 1613 nihil
436 1564 544 1626 haunt,
568 1566 647 1616 telam
667 1567 694 1616 in
719 1565 822 1614 brechio
845 1569 948 1623 tenent,
964 1569 994 1612 ut
1008 1577 1055 1612 nos
1071 1564 1189 1624 dicimur,
1207 1569 1275 1612 etant
1291 1563 1382 1628 quisti.

242 1648 335 1700 Ccescr
358 1651 390 1699 de
413 1650 446 1700 B.
472 1650 502 1703 0.
527 1653 551 1702 I.
577 1657 617 1702 94.
643 1649 737 1702 Eodem
753 1659 858 1716 tenpore
875 1649 973 1700 tertiorn
989 1649 1067 1698 aciem
1088 1647 1195 1708 Caesa,
1212 1663 1276 1713 qaae
1291 1647 1384 1713 quieta

235 1735 343 1800 suerat,
362 1743 429 1784 etse
445 1734 482 1786 ad
496 1745 589 1804 tempus
606 1737 659 1788 loco
674 1744 797 1798 tenuerat,
811 1748 961 1801 accurrere
977 1733 1059 1784 iussit.
1093 1734 1209 1808 Xritains
1219 1734 1292 1798 ploro
1307 1749 1379 1784 com·

241 1820 363 1886 plectitur,
379 1823 452 1874 roasi
466 1838 500 1874 ec.
516 1837 589 1884 ecre,
605 1824 707 1885 timore,
724 1824 833 1889 negotio,
849 1837 902 1888 qno
913 1834 987 1871 sensa
1003 1820 1071 1870 iim
1085 1826 1122 1868 eet
1138 1807 1213 1884 aare
1227 1820 1319 1870 secari.

273 1995 307 2046 P.
326 2000 382 2047 146.
416 1994 489 2053 Quod
503 1996 529 2046 ni
538 1997 663 2062 frequens
679 1995 766 2060 ubique
782 1992 903 2060 Apricola
919 2021 953 2032 —
968 2000 1093 2058 acceptum
1109 1990 1212 2056 aliquod
1225 1991 1313 2042 rubus
1327 2007 1378 2058 per

241 2081 340 2132 natan
357 2081 481 2145 fiduciam
489 2084 573 2148 soret.
606 2082 722 2133 Fortasse
741 2082 810 2130 locus
826 2081 862 2130 ite
877 2096 893 2130 e
909 2079 998 2130 Tacito
1014 2085 1068 2129 eret
1082 2079 1245 2142 compositos:
1263 2078 1379 2128 incautos

242 2165 338 2217 collecti
360 2175 385 2216 et
409 2167 515 2217 locorum
528 2168 603 2232 qnari
618 2166 846 2227 circumveniebant,
862 2165 889 2215 ni
897 2166 1021 2230 frequens
1037 2164 1124 2230 ubique
1139 2162 1262 2230 Apricola
1276 2163 1378 2214 ualidas

243 2260 268 2302 et
291 2251 419 2318 expedites
447 2253 556 2305 cohortes
580 2253 703 2320 indaqinis
727 2252 808 2313 modo,
825 2261 863 2312 et,
886 2251 963 2302 sicubi
979 2251 1078 2300 artiora
1094 2259 1180 2312 nant,
1193 2260 1293 2318 partera
1309 2253 1378 2316 equi·

244 2345 293 2388 tuuo
307 2336 415 2388 dimissis
431 2340 513 2404 equis,
529 2339 602 2390 innui
616 2342 727 2391 rariores
742 2339 819 2389 siloas
835 2337 939 2403 equitem
951 2335 1096 2404 persultare
1112 2335 1234 2389 iussisset.
1265 2337 1377 2390 Getarum

242 2423 285 2474 ubi
300 2437 337 2488 eq.
371 2423 461 2474 Deleri
477 2434 602 2491 acceptam
619 2425 721 2491 aliquod
735 2425 821 2475 vulnero
834 2441 882 2490 per
897 2424 996 2474 datiam
1005 2419 1129 2486 fiduciam
1137 2423 1221 2486 soret.
1255 2425 1375 2475 Nemini

244 2511 365 2560 Latinum
382 2518 435 2561 erct
450 2526 501 2560 non
517 2511 615 2572 cauas,
632 2515 675 2563 sed
691 2511 813 2571 mnam,
832 2510 1012 2569 detn'meneum,
1029 2505 1123 2556 monos.
1142 2507 1234 2558 Ouessa
1249 2509 1283 2559 de
1295 2510 1329 2559 B.
1344 2509 1375 2560 0.

245 2597 269 2646 Ι.
294 2599 335 2647 67.
360 2597 469 2662 Accepto
486 2597 570 2660 aliquo
588 2597 737 2647 detrimenta.
755 2599 824 2648 Hinc.
841 2597 873 2647 de
889 2597 922 2647 Β.
940 2595 1019 2645 Afric.
1040 2599 1078 2644 16.
1097 2590 1169 2642 Male
1186 2599 1297 2657 accepto.
1315 2591 1377 2642 For-

244 2683 314 2732 mulo
334 2682 429 2732 uincere
445 2680 672 2731 antelucanae
688 2697 739 2732 non
755 2684 869 2746 pertinet.
905 2682 1023 2732 Alterum
1038 2683 1101 2733 iuno
1118 2678 1379 2739 circimvenisbant,ni

244 2766 369 2827 iussisset,
392 2774 429 2817 est
444 2767 623 2818 circumvenire
639 2769 794 2830 cogitabant,
812 2768 862 2818 iem
877 2768 1041 2833 incipiebant,
1058 2775 1083 2819 ct
1099 2766 1336 2825 circumvenissent,
1352 2763 1382 2814 ni

244 2853 367 2918 Agricola
389 2853 500 2903 iussisset
523 2867 559 2918 sq.
595 2851 638 2903 Sic
663 2853 764 2904 Tacitus
790 2868 862 2918 saepe
886 2855 913 2903 in
934 2853 982 2902 hoc
997 2853 1082 2902 libello
1097 2853 1221 2917 loquitor;
1239 2857 1264 2901 et
1280 2850 1382 2900 Annei.

244 2940 322 2992 XVI.
348 2945 389 2990 32.
423 2937 502 2990 Simul
517 2939 544 2989 in
558 2939 684 3005 amplexus
700 2941 849 2989 occurrentis
861 2939 936 3002 filiae
952 2939 1055 3000 ruebat,
1075 2938 1123 2988 nisi
1138 2936 1262 2987 interiecti
1280 2934 1382 2985 lictores

241 3027 355 3091 utrisque
378 3026 533 3076 ebullissent.
559 3025 627 3075 Hist.
653 3026 708 3075 III.
734 3033 774 3080 46.
792 3027 894 3094 Iamque
909 3035 994 3078 castra
1011 3025 1127 3091 leqiomsm
1143 3021 1285 3073 exscindere
1298 3036 1381 3088 parc·

243 3113 316 3172 bant,
333 3112 358 3160 ni
375 3111 510 3161 Mucianus
526 3120 619 3160 sertam
636 3111 750 3176 leqionern
766 3115 928 3182 opposuisset.
947 3113 1005 3162 Liv.
1023 3109 1164 3161 XXXIII.
1182 3115 1206 3159 5.
1231 3109 1267 3162 Ut
1280 3111 1384 3176 pericu·

245 3197 292 3246 lum
308 3213 402 3260 quoque
423 3207 496 3247 atron
512 3197 617 3257 subiret,
634 3199 661 3248 ni
676 3201 767 3250 castris
784 3202 858 3251 errati
873 3208 972 3266 repente
985 3199 1083 3266 pedites
1099 3197 1243 3262 equitesque
1259 3196 1380 3246 mirens-

243 3289 305 3330 sent.
331 3281 372 3331 ef.
390 3283 471 3332 Kritz.
488 3285 521 3334 ad
539 3284 626 3348 Agris.
644 3291 668 3334 4.
686 3285 715 3336 si
731 3288 822 3350 legitur
838 3285 957 3350 quodni,
973 3286 1106 3350 requiritur
1122 3283 1236 3348 spadonis
1252 3291 1380 3348 accepterus

244 3367 331 3418 ouius
347 3377 419 3419 esset.

278 3540 309 3589 P.
330 3545 384 3590 148.
419 3539 491 3590 Finis
512 3541 627 3605 sequendi
643 3558 691 3592 nou
706 3549 730 3591 et
745 3543 848 3591 satietas
858 3542 927 3606 suit.
965 3537 1044 3591 Caeso
1060 3539 1163 3589 losum
1178 3537 1214 3588 ad
1229 3537 1310 3588 mern
1325 3536 1380 3586 nil·

245 3623 299 3674 lia:
325 3634 460 3674 nostrorum
485 3626 588 3676 trecenti
610 3627 741 3693 senapinta
756 3627 870 3678 occides.
887 3628 1013 3678 Ultimum
1029 3624 1138 3676 cecidere
1155 3624 1291 3674 delendum
1306 3628 1380 3686 poto-

245 3711 317 3772 bcnr,
341 3710 401 3776 qaia
425 3727 499 3760 caesa
523 3713 666 3762 sufficiebat.
700 3715 793 3764 Melius
809 3715 911 3764 fortusse
927 3719 995 3764 eret:
1013 3711 1085 3761 Finis
1101 3709 1218 3774 sequendi
1233 3725 1281 3758 non
1297 3716 1321 3756 et
1337 3722 1380 3756 sa-

245 3797 320 3848 tietas
339 3798 399 3862 fuit
415 3796 506 3847 caedis.
539 3797 657 3848 Hostiam
672 3798 708 3848 ed
720 3798 800 3850 decem
815 3829 849 3838 -
865 3799 980 3850 cecidere.
1015 3799 1073 3849 Liv.
1091 3797 1214 3848 XXVII.
1230 3801 1273 3846 46.
1293 3791 1381 3844 Viato-

244 3900 285 3935 res
309 3884 435 3950 sanquinis
459 3882 590 3948 caedisque
614 3893 713 3949 cepnae
737 3885 825 3934 satias.
858 3887 947 3936 lustin.
974 3886 1041 3937 XII.
1066 3890 1090 3938 6.
1113 3883 1252 3947 Paneas
1267 3878 1380 3929 saliam

243 3971 318 4022 caede
339 3971 433 4020 animm
449 3970 592 4034 conquieuit.
627 3969 704 4020 Silius
722 3971 779 4019 Itol.
797 3972 848 4020 IV.
869 3977 923 4022 110.
956 3971 1014 4024 Nec
1024 3973 1088 4037 finis
1104 3973 1246 4034 sotiosque,
1262 3967 1319 4015 nevi
1332 3965 1382 4016 red

243 4057 369 4124 sanquinis
385 4055 461 4107 ardor
481 4053 598 4106 Gliscere.
632 4056 667 4105 Iit
683 4055 773 4108 Graeci
789 4072 876 4123 scope:
894 4056 977 4117 abusu
995 4059 1147 4127 κυρωθεὶς.

276 4229 308 4280 P.
328 4234 384 4279 151.
416 4227 513 4278 Nomen
536 4245 615 4296 supra
636 4230 762 4298 princqois
786 4231 876 4282 attolli.
910 4232 1098 4298 Nipperdsyns:
1124 4245 1203 4296 supra
1223 4225 1378 4293 principem.

243 4317 310 4379 quod
326 4329 359 4366 ex
375 4330 423 4366 usu
439 4315 521 4366 Taciti
537 4329 590 4368 esse
606 4325 684 4381 potet.

278 4485 308 4534 P.
329 4491 383 4535 151.
418 4485 499 4538 Ducis
525 4487 578 4538 boni
600 4488 784 4553 imperatoriam
805 4492 916 4544 uirtutem
932 4507 991 4542 esse.
1027 4490 1142 4544 conieci:
1160 4488 1228 4538 ducis
1245 4489 1378 4555 imperato·
