3134 5310
247 508 290 567 24

678 519 833 565 CORNELII
858 522 970 568 TACITI

240 705 310 758 turn
335 693 439 780 ipsum
462 710 590 753 narrare
616 711 648 752 se
673 689 774 777 prime
798 687 831 750 in
855 693 983 756 iuventa
1006 689 1145 756 studium
1171 690 1394 782 philosophiae

240 871 282 922 diu
309 887 335 919 se
359 870 456 919 varium
479 868 572 927 tenuit,
590 868 699 917 mixtura
713 881 794 932 prope

239 949 366 1015 aequabili
398 950 513 998 vitiorum
546 957 621 1013 atque
660 947 792 998 virtutum:

239 1033 314 1083 donec
339 1032 444 1080 uirtutes
469 1046 564 1094 quoque
589 1031 615 1080 in
638 1031 702 1079 vitia
719 1029 793 1092 deste-

239 1113 284 1162 xit.
311 1113 410 1162 Vinum
434 1118 458 1160 et
476 1119 540 1174 aqua
556 1112 609 1160 vim
625 1111 718 1160 habent
735 1127 792 1160 con-

239 1196 353 1254 trariam,
378 1194 446 1243 calor
470 1194 588 1242 miscetur
611 1193 718 1256 frigore,
737 1201 792 1241 tem-

236 1284 352 1342 peratur.
379 1274 467 1324 Livius
486 1275 568 1323 VIII.
587 1279 627 1324 36.
649 1271 734 1323 Sensit
748 1290 791 1339 pc·

240 1357 305 1407 ritus
322 1355 386 1415 dur,
404 1371 524 1419 quaeres
542 1356 664 1405 uictoriae
673 1357 790 1404 obstaret.

245 1436 439 1503 Temperandum
461 1437 582 1500 inqenium
599 1453 668 1485 snum
686 1453 751 1496 esse,
769 1444 793 1485 et

241 1519 396 1568 severitatem
404 1515 550 1566 miscendam
560 1518 682 1566 comitate.
694 1519 792 1568 Plinius

242 1602 322 1664 Epist.
349 1600 431 1649 VIII.
459 1605 499 1648 21.
534 1598 612 1648 Utin
629 1599 695 1658 uita,
714 1599 750 1647 sic
767 1599 793 1647 in

242 1681 333 1731 stadiis
345 1680 538 1746 pulcherrimum
556 1688 580 1728 ct
598 1679 794 1730 humanissimum

243 1763 358 1821 aestimo,
376 1762 531 1811 severitatem
547 1762 730 1826 comitatemque
739 1762 793 1810 mis-

243 1861 310 1904 cere,
328 1860 357 1892 ne
375 1843 421 1892 illa
438 1843 464 1892 in
482 1843 623 1902 tristitiam,
642 1843 701 1892 lraec
719 1843 793 1908 impe*

244 1926 374 1976 tulantiam
391 1923 501 1974 excedat.
521 1925 612 1976 Florus
630 1926 653 1974 1.
668 1926 723 1974 5de
734 1927 793 1974 Tar·

243 2009 330 2074 quinio
353 2007 454 2066 Prisco,
473 2007 516 2071 qni
536 2004 658 2057 Graecum
674 2007 794 2070 inqenium

245 2087 346 2139 Italicis
362 2087 458 2137 artibus
471 2089 615 2138 miscuisset.
626 2089 703 2139 Notio
711 2089 794 2137 huius·

244 2173 314 2222 modi
337 2173 445 2232 figurata
467 2172 493 2218 in
509 2170 557 2218 hoc
573 2171 629 2218 loco
648 2171 730 2226 Taciti
742 2185 794 2219 non

244 2260 312 2303 recte
328 2252 454 2314 accipitur.
472 2251 541 2298 Nam
558 2251 659 2298 comitas
675 2257 699 2298 et
711 2251 795 2314 parsi·

246 2333 327 2382 monia
359 2347 411 2380 non
437 2337 494 2379 sunt
518 2331 623 2379 virtutes
648 2331 794 2380 contrariae.

248 2413 392 2474 Quominus
409 2419 493 2462 autem
509 2411 602 2460 referas
619 2410 795 2459 comitatemad

246 2496 421 2546 liberalitatem
438 2493 647 2552 Massiliensium,
661 2499 796 2556 spectatam

248 2577 275 2625 in
300 2576 424 2639 elegantia
447 2575 633 2632 conviviorum,
650 2574 698 2622 hoc
714 2579 794 2633 vetat,

247 2657 315 2721 quod
331 2671 360 2705 ea
377 2656 478 2704 comitas
495 2655 527 2703 ml
542 2655 632 2703 luxum
645 2656 795 2719 pertinetnt·

247 2751 296 2800 que
320 2739 382 2786 adeo
408 2738 440 2785 ad
460 2736 559 2794 vitium,
577 2751 635 2784 cum
651 2738 796 2800 praesertim

251 2815 350 2868 Graeca
366 2818 510 2881 appelletur.
529 2815 618 2865 Graeci
635 2831 795 2880 morasprop·

247 2907 316 2949 terea
330 2900 548 2963 vituperabantur,
566 2899 601 2946 ita
616 2905 645 2946 ιιι
660 2899 701 2947 val
719 2895 796 2946 Grae·

248 2981 304 3030 cari
328 2988 353 3030 et
374 2979 541 3047 perpraecari
557 2980 696 3043 significare
712 2994 796 3042 coepe·

247 3063 280 3112 rit
296 3064 351 3113 aino
368 3071 392 3112 ct
407 3062 491 3111 veneri
507 3059 647 3126 indulqere,
663 3068 686 3110 et
697 3061 796 3124 Augus·

247 3152 288 3193 tus
313 3146 460 3207 gravissima
484 3145 595 3192 oratione
621 3143 738 3202 suaserit,
764 3157 796 3192 ne

249 3225 358 3274 Romani
377 3221 499 3274 Graecam
516 3223 637 3272 luxuriem
644 3224 747 3272 utilibus
755 3238 796 3286 pa·

248 3307 311 3356 triae
332 3307 442 3354 moribus
457 3310 599 3367 paterentur
616 3306 740 3366 obrepere.
768 3303 797 3353 Si

249 3388 351 3436 comitas
375 3393 399 3436 at
420 3384 576 3450 parsimonia
600 3401 651 3433 non
669 3392 726 3434 sunt
740 3399 796 3434 eon·

248 3471 351 3529 nanae,
368 3483 420 3518 non
437 3473 502 3517 recte
519 3467 555 3516 sic
569 3467 615 3516 sibi
624 3472 795 3530 opponuntur,

248 3558 277 3600 ut
294 3553 371 3600 altera
387 3551 490 3598 alteram
506 3547 607 3596 misceat
624 3563 652 3596 ac
668 3554 796 3612 temperet.

249 3632 335 3693 Quare
370 3631 472 3678 Tacitus
505 3630 611 3678 scribere
641 3645 692 3678 non
717 3629 797 3692 potuit

250 3713 345 3761 mistum
367 3725 397 3758 ac
413 3710 471 3758 bene
488 3709 659 3773 compositum,
680 3712 723 3759 sed
740 3711 796 3760 scri-

249 3795 308 3844 bere
332 3791 430 3848 debuit,
452 3789 548 3838 mistum
565 3805 595 3837 ac
608 3805 689 3854 paena
706 3807 797 3855 compo-

249 3875 330 3926 situm.
358 3872 469 3923 Comites
495 3877 519 3920 at
539 3873 691 3934 parsimonia
709 3873 796 3922 Massi-

248 3957 310 4005 liam
333 3955 485 4012 miscebant,
502 3953 553 4001 imo
570 3953 622 4003 fers
638 3960 716 4003 totam
733 3969 798 4004 com·

249 4037 382 4100 ponebant.
409 4033 490 4095 Urbs,
512 4043 606 4098 quanta
622 4043 728 4100 quanta,
746 4044 798 4087 erat

249 4117 399 4181 composita,
426 4116 575 4176 συνθετὰς,
602 4131 635 4165 ex
652 4117 706 4166 istis
722 4118 798 4167 virtu-

249 4200 329 4258 tibus,
346 4211 410 4262 quae
428 4213 483 4248 eam
501 4199 684 4264 componebant,
701 4206 729 4248 ut
747 4200 798 4249 ani-

249 4295 306 4328 mus
331 4287 355 4329 et
372 4296 460 4346 corpus
476 4282 613 4332 hominem.
632 4281 715 4330 Locus
750 4283 797 4331 Ta·

250 4360 307 4419 citi,
332 4374 406 4424 quem
431 4363 537 4412 afferunt
560 4365 592 4412 ad
613 4364 799 4426 interpretanda

251 4441 307 4488 benc
333 4443 500 4505 compositum,
526 4445 574 4494 huc
596 4459 647 4494 non
664 4443 730 4495 feeit.
750 4446 798 4494 Ta-

840 873 882 920 cit.
909 871 1004 920 Annal.
1031 871 1066 920 V.
1093 885 1111 920 1.
1136 867 1275 922 Iuliacum
1292 875 1394 924 artibus

839 951 937 1011 mariti,
964 952 1118 1001 simulatione
1134 951 1203 1014 filii,
1220 954 1278 1002 bene
1295 971 1393 1019 compa·

839 1035 897 1084 sita.
924 1035 991 1083 Iulia
1009 1034 1065 1082 bene
1082 1035 1216 1097 composita
1232 1043 1277 1095 est,
1294 1043 1324 1084 ut
1337 1053 1393 1102 par

839 1116 895 1164 benc
929 1114 1085 1180 compositum
1114 1115 1296 1177 gladiatorum,
1324 1121 1392 1182 apud

839 1196 989 1254 Horatium,
1006 1196 1102 1243 utiam
1118 1196 1181 1244 vidit
1198 1197 1329 1247 Ernestus.

872 1271 985 1325 Studium
1011 1275 1186 1341 philosophiae
1219 1279 1305 1326 acrius
1331 1278 1392 1328 irau-

838 1357 908 1406 sisse.
936 1354 1051 1406 Haurire
1077 1363 1113 1406 est
1137 1358 1260 1422 liquorem
1284 1373 1317 1409 ax
1335 1360 1392 1410 loco

838 1438 865 1486 in
889 1439 972 1487 locum
987 1439 1168 1498 transmittere,
1182 1439 1242 1488 hinc
1258 1447 1283 1489 et
1301 1441 1391 1490 bibere.

840 1517 892 1578 Qui
916 1519 1001 1568 acrius
1025 1519 1156 1578 hauriunt,
1182 1527 1240 1569 sunt
1262 1537 1331 1571 acres
1348 1539 1391 1585 po·

838 1605 917 1660 tores,
934 1602 1047 1664 capiunt,
1064 1608 1092 1649 ut
1109 1609 1146 1650 est
1163 1605 1228 1666 apud
1237 1604 1390 1664 Horatium,

840 1681 912 1730 acria
933 1681 1038 1746 pocula,
1064 1683 1135 1744 quasi
1160 1685 1305 1732 diuturnam
1321 1685 1392 1734 sitim

840 1762 940 1824 explere
956 1763 1043 1810 velint.
1061 1763 1138 1812 Notio
1154 1765 1392 1814 transferturadres

839 1844 933 1901 varias,
965 1849 1030 1892 artas
1059 1859 1157 1908 quoque
1182 1852 1207 1894 at
1232 1847 1392 1910 disciplinas,

839 1939 900 1986 quas
914 1924 986 1972 avide
1002 1925 1141 1989 arripimus.
1152 1926 1240 1975 Livius
1250 1927 1392 1977 XXXIX.

841 2009 880 2053 te.
916 2001 991 2052 Velut
1020 2020 1050 2052 esc
1080 2004 1199 2055 diuturna
1230 2008 1275 2057 siti
1300 2024 1392 2056 meram

841 2083 982 2134 isaurieutes
1007 2085 1151 2136 libertatem.
1171 2089 1273 2138 Tacitus
1291 2089 1390 2139 Histor.

840 2166 891 2216 111.
909 2173 932 2215 2.
952 2165 1169 2231 Quaatoferocins
1186 2179 1243 2218 ante
1252 2186 1278 2218 se
1287 2171 1391 2234 eqerint,

842 2257 909 2296 tauto
926 2247 1041 2312 cupidius
1058 2248 1319 2315 insolitasvcluptates
1331 2251 1390 2300 bau·

841 2329 911 2377 sisse.
928 2329 978 2378 IV.
997 2334 1020 2378 5.
1038 2327 1173 2380 Helvidius
1189 2329 1298 2380 Priscus
1314 2348 1328 2381 e
1344 2349 1390 2381 mo-

841 2410 909 2458 ribus
934 2409 1013 2458 soceri
1033 2411 1095 2460 nibil
1111 2427 1188 2474 aeque
1205 2428 1235 2461 ac
1252 2412 1391 2462 libertatem

842 2490 932 2540 bausit.
958 2492 1045 2542 Valer.
1072 2493 1201 2541 Maximus
1224 2493 1287 2542 VII.
1306 2498 1329 2542 2.
1355 2491 1391 2542 Ut

841 2573 921 2638 ipsam
937 2573 1051 2622 virtutem
1064 2574 1150 2638 potius
1166 2573 1309 2633 haurirent,
1319 2589 1392 2637 quam

842 2655 948 2702 umbram
973 2655 1026 2703 eius
1044 2663 1248 2704 consectarentur.
1268 2655 1348 2705 VIII.
1368 2657 1390 2704 ⁷.

842 2736 872 2784 de
898 2735 1055 2799 Pythagora,
1081 2739 1124 2799 qui
1149 2751 1175 2785 se
1197 2737 1281 2800 Magis
1304 2737 1391 2785 Parsa-

841 2831 898 2864 rum
929 2815 1036 2864 tradidit
1060 2817 1235 2881 formandum,
1262 2833 1279 2865 a
1304 2817 1392 2882 quibus

843 2895 949 2946 siderum
982 2906 1060 2946 motus
1090 2897 1165 2948 docili
1194 2898 1273 2946 animo
1298 2897 1391 2948 bausit.

842 2979 882 3027 Ita
906 2994 947 3026 res
971 2979 1043 3043 ipsae
1060 2979 1221 3039 hauriuntur,
1238 2995 1289 3028 non
1306 2994 1392 3029 rerum

842 3058 957 3108 studium.
975 3060 1033 3108 Hoc
1050 3059 1150 3109 defendi
1165 3075 1198 3110 ax
1215 3070 1314 3110 auctora
1327 3061 1391 3110 -Dia·

842 3142 893 3204 logi
909 3143 939 3190 de
958 3140 1104 3190 Oratoribus
1120 3157 1172 3190 non
1188 3149 1256 3206 puto.
1274 3143 1321 3192 Ille
1335 3158 1390 3206 cap.

843 3229 882 3274 28.
911 3221 981 3278 Quae
1004 3222 1139 3287 disciplina
1163 3237 1194 3272 ac
1218 3224 1338 3272 severitas
1364 3239 1392 3274 eo

840 3305 994 3369 pertinebat,
1020 3312 1048 3352 ut
1072 3304 1169 3352 sincera
1194 3312 1219 3352 et
1244 3303 1339 3368 inteqra
1366 3313 1392 3354 et

842 3384 916 3434 nullis
934 3385 1104 3450 pravitatibus
1125 3383 1223 3434 detorta
1239 3385 1392 3434 uniuscuius-

843 3483 889 3530 que
913 3474 1004 3515 natura
1030 3475 1078 3515 tcto
1103 3466 1188 3514 statim
1208 3475 1309 3530 pectore
1326 3468 1392 3516 arri·

840 3556 913 3613 peret
938 3555 1006 3595 artes
1023 3545 1149 3606 honestas,
1167 3555 1204 3606 et,
1222 3548 1272 3597 siue
1289 3547 1325 3596 ad
1340 3564 1393 3598 rem

843 3627 974 3678 mil'tarem
998 3627 1049 3676 siva
1066 3627 1101 3676 ad
1116 3628 1180 3676 iuris
1196 3629 1323 3678 scientiam
1340 3630 1393 3680 siue

843 3709 878 3758 ad
900 3709 1051 3772 eloquentiae
1068 3708 1174 3758 studium
1191 3709 1346 3770 inclinasset,
1364 3709 1394 3758 id

844 3789 920 3839 scium
945 3798 1046 3854 aperet,
1064 3789 1093 3840 id
1107 3790 1244 3838 uuiversum
1269 3789 1392 3840 hauriret.

843 3871 883 3920 Ibi
900 3870 928 3920 id
943 3871 1019 3920 solum
1035 3887 1086 3920 non
1103 3873 1210 3936 pertinet
1227 3873 1258 3920 ad
1274 3870 1391 3930 studium,

845 3954 888 4002 sed
918 3954 950 4001 ad
974 3967 1028 4002 rem
1051 3954 1202 4011 militarem,
1227 3953 1288 4002 iuris
1313 3952 1392 4001 scian-

844 4035 919 4094 tiam,
945 4035 1125 4098 eloquentiam,
1150 4049 1227 4082 unam
1244 4048 1277 4082 ex
1293 4032 1346 4092 his,
1363 4033 1393 4082 il-

844 4117 888 4165 lud
913 4115 994 4164 solum
1016 4123 1113 4180 ageret,
1131 4116 1193 4165 illud
1210 4115 1292 4164 solnm
1308 4113 1393 4164 lauri·

844 4205 891 4246 ret.
909 4196 938 4246 si
954 4197 1212 4260 quisfortassalocum
1223 4197 1323 4246 Aurelii
1332 4196 1392 4244 Vic-

844 4279 904 4328 toris
929 4279 1045 4342 Epitome
1074 4285 1104 4328 14
1128 4285 1215 4328 conta
1231 4293 1272 4328 me
1287 4278 1326 4327 uti
1341 4278 1394 4326 rel·

844 4361 890 4418 lat,
916 4359 983 4409 hunc
1009 4367 1033 4409 ot
1058 4363 1176 4420 ostendo,
1194 4367 1219 4410 at
1236 4358 1394 4422 interpretari

844 4444 965 4493 conabor:
1001 4439 1151 4492 Hadrianus
1181 4439 1286 4493 Graecis
1312 4439 1394 4489 literis
