3130 5308
646 544 824 594 raulcone.
1255 531 1319 594 129

167 715 221 782 hio
252 714 432 789 exereitua;
479 711 545 778 illio
563 713 682 779 tribute
705 725 737 779 et
760 711 889 779 metalla
912 726 943 778 et
966 725 1090 779 ceterae
1111 713 1315 782 seruientium

170 841 318 909 poenae,
350 818 487 906 quaein
511 830 675 885 aeternum
698 817 836 907 perferre
861 830 915 883 eut
939 819 1042 883 stetim
1066 819 1176 884 ulcisci
1198 820 1231 884 in
1251 819 1313 885 hoo

171 947 287 1012 eampo
320 935 378 989 est.
416 921 551 988 Proinde
574 924 650 989 ituri
672 923 704 988 in
729 923 829 988 aciem
853 935 885 990 et
907 925 1040 989 maiores
1064 936 1180 990 vestros
1203 938 1235 991 et
1258 948 1315 1015 po·

170 1042 268 1096 steros
290 1029 437 1116 cogitate.

217 1132 370 1200 xxxin.
408 1133 567 1221 Excepere
603 1133 777 1198 orationem
807 1131 947 1207 alacres,
971 1145 1008 1198 ut
1031 1134 1172 1199 barbaris
1194 1138 1314 1214 moria,

167 1321 274 1378 borure,
289 1318 333 1384 qui
345 1323 413 1370 recte
422 1324 537 1368 senatum
545 1321 658 1384 supplere
665 1333 719 1383 poe-
765 1316 828 1366 eine
844 1317 958 1377 validm,
983 1320 1050 1368 unde
1066 1319 1186 1371 victoriae
1202 1335 1270 1385 apem
1288 1323 1315 1372 in

167 1407 234 1450 eant.
252 1400 328 1462 Quod
344 1399 376 1448 ed
391 1399 513 1462 pluralem
529 1401 622 1460 istum,
639 1415 720 1449 aenum
765 1397 822 1456 illu,
839 1399 860 1446 si
876 1398 1027 1460 vincamini,
1053 1406 1198 1464 exspectant
1214 1417 1259 1452 vos
1274 1403 1317 1454 tri·

167 1479 293 1539 coloniae,
318 1479 345 1528 in
368 1493 398 1528 eo
416 1481 544 1543 proprium
561 1495 653 1530 nomen
669 1481 719 1544 ple·
765 1478 826 1527 buta
843 1477 909 1527 atc.”

166 1545 274 1624 iamque
290 1560 420 1609 omittitur.
455 1559 543 1610 cicero
558 1575 604 1626 pro
621 1561 719 1611 Milone
798 1555 858 1608 Illic
884 1557 977 1608 tributa
1000 1568 1023 1609 et
1046 1561 1155 1613 metallo.
1188 1563 1226 1613 At
1242 1578 1317 1628 supra

169 1644 192 1690 7.
212 1638 266 1688 Aut
291 1655 317 1688 eo
339 1655 404 1688 mors
421 1640 530 1689 atrocior
546 1640 594 1691 erit
610 1640 644 1691 P.
667 1639 719 1691 Olo-
765 1639 831 1687 dixit
844 1639 912 1688 notia
926 1655 972 1688 uon
985 1643 1158 1693 suntmetalla.
1176 1644 1214 1694 Ut
1223 1643 1317 1694 tributa

166 1719 219 1780 dii,
245 1718 311 1783 quod
332 1721 356 1769 ie
380 1721 407 1768 in
427 1721 582 1770 monumentis
602 1723 720 1772 maiorum
763 1719 903 1782 cogitantur
920 1720 1039 1770 solvenda
1054 1722 1082 1770 in
1100 1723 1250 1787 Caledonia,
1267 1726 1317 1788 ita,

167 1817 268 1851 auorum
291 1801 325 1850 ait
350 1795 516 1865 interfectus,¹
534 1805 657 1866 cogitatur
678 1805 720 1853 viu
764 1801 856 1864 quod
849 1815 876 1849 1u
893 1815 1001 1863 poenam
1018 1802 1130 1863 additur,
1148 1806 1317 1868 cogitaturau·

169 1881 265 1945 Appio.
282 1881 362 1930 Tacit.
380 1880 476 1931 Annei.
494 1883 543 1934 1v.
563 1886 585 1934 7.
600 1883 720 1948 Gennaes
765 1880 912 1929 mendum
905 1895 931 1928 ru
949 1879 1093 1932 Caledonia.
1111 1885 1167 1934 Hoc
1182 1891 1246 1935 eaaet
1261 1901 1318 1935 mo.

161 1963 253 2029 fiqiem
269 1961 321 2010 eiua
337 1961 363 2010 in
379 1964 533 2013 monumentis
545 1962 587 2013 On.
597 1962 720 2030 Pompeii,

166 2046 186 2094 i.
201 2057 223 2095 e.
246 2045 274 2092 iu
295 2043 651 2107 theatroPompeii.1nhis,
676 2061 719 2109 pu·

165 2131 209 2184 to,
230 2130 380 2172 monumenta
396 2137 448 2172 non
465 2123 610 2188 simpliciter
627 2126 720 2189 signifi-

164 2213 228 2255 cant
251 2211 434 2262 monumentum,
460 2205 505 2253 aed
528 2205 584 2254 loca
601 2207 720 2265 illustria,

164 2287 244 2352 quala
259 2291 296 2334 est
312 2289 504 2338 monumentum
525 2285 648 2350 Pompeii.
675 2288 720 2338 Er·

164 2371 255 2417 nestas
270 2365 303 2414 ad
319 2364 401 2414 Taciti
417 2363 513 2414 Annal.
529 2365 583 2414 111.
595 2368 634 2416 te.
645 2382 720 2416 anuo-

165 2448 232 2498 tavit
252 2447 375 2510 pluralem
396 2445 423 2494 in
440 2445 488 2494 hoc
504 2448 581 2496 verbo
597 2449 673 2498 etiam
690 2450 721 2498 da

166 2543 223 2578 uno
242 2528 287 2577 tali
303 2541 377 2591 opera
394 2527 451 2575 dici.
469 2525 564 2577 Dubito
580 2544 613 2578 an
630 2533 703 2578 recte.

203 2607 258 2658 Hic
274 2606 338 2667 dua,
356 2607 396 2656 tte
414 2606 551 2665 eanredus,-
577 2608 630 2658 illic
648 2608 721 2658 triba·

170 2699 201 2739 ta
225 2697 250 2738 et
265 2686 374 2737 metalla.
409 2687 516 2746 Nescio,
533 2691 658 2754 quomodo
675 2692 722 2740 iste

167 2771 219 2820 eibi
235 2770 330 2833 possint
346 2757 515 2830 opponente
529 2768 593 2830 dua,
608 2769 721 2820 dicecer-

167 2849 237 2899 citue
257 2850 321 2898 mihi
336 2849 477 2897 necessario
494 2849 560 2898 dicta
576 2852 722 2901 asseriden·

166 2939 213 2980 tur
221 2936 309 2980 contra
319 2930 459 2980 exercitum
468 2927 619 2992 Romanum,
629 2947 689 2982 auro
698 2940 723 2983 et

765 1960 800 2010 toi
826 1961 919 2010 tributa
941 1969 965 2010 et
981 1961 1086 2012 uiuente.
1118 1963 1225 2014 Vincula
1241 1967 1319 2016 servia

766 2041 894 2090 induntur.
913 2040 1032 2092 German.
1052 2048 1092 2094 25.
1115 2043 1255 2096 Verberare
1269 2062 1318 2096 eer-

765 2137 820 2170 oum
845 2137 876 2170 ac
896 2121 1000 2172 vinculis
1026 2132 1051 2173 et
1065 2141 1140 2190 opere
1153 2142 1264 2178 coercere
1278 2143 1318 2177 ra·

766 2217 827 2250 rum.
852 2201 884 2250 In
904 2203 967 2252 Mes.
986 2203 1027 2253 iti.
1047 2205 1130 2257 Kritz.
1148 2207 1180 2259 de
1195 2210 1319 2260 coniectu·

765 2296 795 2331 ra
820 2283 898 2332 edidit
924 2283 993 2344 illic,
1019 2286 1078 2350 quia
1103 2287 1137 2337 itt
1160 2305 1212 2339 non
1238 2292 1319 2353 magle

767 2362 815 2411 diui
836 2364 914 2427 possit
931 2366 963 2413 ad
980 2365 1084 2416 alteram
1096 2376 1194 2432 portem
1208 2370 1318 2419 indicau-

767 2444 839 2503 dam,
856 2459 933 2508 quum
948 2443 1060 2496 iic—ia
1076 2462 1121 2511 pro
1138 2447 1269 2498 lic-ille
1286 2451 1319 2500 ad

766 2524 881 2573 homines
898 2525 1008 2574 diversos
1022 2527 1196 2590 designandos.

801 2601 962 2654 Serviuntium
983 2622 1086 2672 poenae.
1118 2609 1236 2660 Miseriae
1256 2625 1319 2675 quaa

767 2684 827 2732 victi
844 2685 959 2735 tolerent.
977 2687 1067 2737 luetiu.
1084 2689 1135 2739 Ill.
1154 2693 1178 2739 5.
1201 2689 1258 2740 &rm
1270 2707 1319 2756 per

768 2780 843 2814 aunon
868 2767 992 2831 octopinta
1013 2768 1103 2833 provio
1124 2769 1251 2820 seruitutis
1266 2786 1319 2820 uer·

768 2846 840 2906 dero,
855 2847 1000 2912 plerumque
1017 2858 1041 2899 et
1057 2849 1171 2911 uincula,
1189 2861 1320 2916 ceteraque

767 2927 924 2991 captivitatis
940 2927 1007 2976 mola
1020 2929 1137 2995 perpensi
1152 2940 1245 2991 eeeeut,
1259 2940 1320 2996 poet

768 3006 863 3070 tanqum
872 3023 1008 3071 poenorum
1021 3009 1170 3072 patientiam
1183 3010 1270 3060 tultum
1286 3012 1321 3060 in·

767 3095 890 3136 staurant.
915 3087 947 3136 cf.
970 3086 1081 3137 Gronov.
1114 3090 1210 3140 Lucan.
1236 3091 1318 3142 VIII.

168 3017 276 3076 argento
298 3011 451 3073 fulgentem,
477 3017 502 3060 et
518 3014 598 3061 eciam
621 3019 722 3076 propter

167 3094 302 3144 immixtos
327 3091 475 3149 Britannos,
490 3089 575 3140 Gallos
584 3098 609 3140 et
620 3091 721 3142 Germa·

169 3187 221 3224 noe
238 3171 352 3230 infidam,
365 3172 721 3232 cetera‚utcoloniueaenum,
768 3171 825 3216 395.
853 3163 904 3217 Sed
927 3174 971 3216 tta
996 3184 1050 3216 sort
1074 3169 1173 3231 melior,
1206 3172 1321 3236 quoniam

169 3259 202 3302 ut
217 3265 296 3302 vacua
311 3253 426 3311 amtella,
443 3259 471 3300 ut
488 3267 562 3316 aegra
577 3253 720 3316 municipia.
767 3262 830 3296 more
846 3247 933 3298 ultima
948 3264 1037 3314 poena.
1056 3251 1088 3301 cf.
1106 3251 1218 3303 ibiCort.
1238 3254 1320 3306 Tacit

168 3333 203 3383 In
222 3332 337 3382 omnibus
354 3333 407 3382 istie
424 3331 492 3382 haud
508 3334 558 3382 diui
575 3340 722 3396 potestesse
767 3329 834 3379 Hiat.
863 3331 912 3381 1v.
937 3335 979 3380 82.
1017 3329 1068 3380 Voe
1085 3341 1179 3393 autern,
1201 3331 1319 3394 Treoeou',

169 3411 236 3470 due,
261 3427 312 3461 aare
328 3413 457 3462 exercitus.
476 3413 527 3462 Hic
544 3421 581 3463 ast
597 3416 663 3474 dux,
680 3417 721 3464 hie
768 3419 911 3475 ceteraeque
935 3412 1088 3460 seruientium
1112 3413 1221 3474 animae,
1255 3413 1322 3478 quod

170 3493 308 3552 exercitus,
333 3507 392 3544 vere
416 3496 483 3554 dux,
508 3508 568 3544 vere
589 3497 720 3545 exercitus.
764 3492 902 3556 proemium
932 3491 1009 3556 effusi
1033 3492 1104 3541 toties
1128 3494 1256 3558 aauqaiuie
1281 3511 1320 3544 eu·

170 3573 289 3625 Fortasse
305 3575 400 3640 aliquid
415 3576 522 3636 excidit,
540 3576 581 3624 cui
596 3590 721 3639 opponan-
767 3570 902 3636 spectatis,
920 3570 969 3618 nisi
984 3571 1106 3636 inqralam
1128 3574 1254 3637 militiam,
1279 3577 1321 3626 im·

169 3662 212 3704 tur
225 3671 321 3720 poenae
338 3655 509 3717 servientium,
522 3671 547 3705 v.
556 3671 578 3705 c.
596 3655 635 3704 iic
652 3655 722 3704 liber·
768 3649 884 3700 mortalia
905 3651 1013 3713 tributa,
1038 3654 1137 3721 cirpea,
1163 3673 1272 3718 accures,
1299 3669 1322 3709 et

172 3745 223 3785 too.
245 3733 303 3784 Nec
325 3734 458 3801 quidquam
474 3737 543 3786 ultro
558 3735 721 3801 formidinis:
768 3731 915 3782 dominorum
932 3733 1051 3798 inueniat

171 3831 252 3865 uacua
269 3815 384 3876 cautella,
411 3833 491 3867 aenum
508 3817 633 3877 coloniae,
659 3816 723 3866 inter
794 3811 1321 3884 luioccampoest.Propriecampoffloet·

171 3896 236 3946 mate
261 3905 381 3961 parentes
411 3907 436 3947 ct
460 3899 551 3948 iniuste
575 3898 723 3963 imperantes
769 3909 798 3944 ee
824 3911 924 3959 campus
946 3904 1061 3960 coeptum
1082 3899 1194 3948 adhiberi
1220 3900 1251 3949 de
1268 3901 1322 3962 ipso

171 3991 252 4041 aepra
276 3977 409 4043 municipio
431 3987 454 4028 et
473 3977 643 4029 discordantia
649 4000 659 4035 ,·
685 3978 723 4027 iric
768 3977 875 4039 proelio,
900 3983 929 4025 ut
946 3978 1084 4026 exercitum
1100 3979 1126 4026 in
1143 3994 1253 4043 campum
1266 3993 1320 4042 pro·

172 4057 236 4118 due,
254 4057 293 4107 tic
314 4059 442 4108 exercitus.
475 4059 528 4110 Hic
545 4061 655 4121 libertos,
672 4059 723 4110 illic
768 4059 870 4117 ducere,
892 4059 967 4106 lituos
990 4065 1015 4106 et
1040 4073 1150 4123 campum
1165 4060 1270 4109 minari:
1288 4059 1320 4108 cl.

173 4139 267 4188 tributa
293 4147 317 4189 et
342 4139 443 4190 metalla
468 4149 493 4190 et
509 4149 605 4191 ceterae
620 4142 724 4190 seruien-
771 4139 876 4188 Salmas.
895 4139 926 4187 ad
943 4134 1044 4200 Vopisci
1063 4138 1152 4188 Aurei.
1170 4143 1210 4187 28.

174 4221 234 4268 tium
257 4236 362 4284 poenm,
381 4237 444 4283 quae
462 4237 498 4286 sq.
518 4223 643 4272 Kritzius:
664 4224 723 4271 uIn·
804 4216 932 4282 Excepere
949 4218 1083 4266 orationem
1099 4218 1210 4277 alacres,
1229 4227 1257 4268 ut
1265 4219 1320 4268 bor-

172 4301 241 4363 eigni
256 4303 448 4364 praegnantium
461 4305 594 4353 verborum
604 4304 725 4352 brevitate
771 4299 837 4348 baria
858 4299 945 4357 moria,
969 4305 1049 4348 contu.
1077 4299 1242 4350 Puteolanus:
1266 4301 1321 4350 ola·

171 4382 215 4430 hic
240 4395 327 4432 sensus
352 4385 470 4433 efficitur:
497 4385 523 4433 in
548 4383 595 4432 hec
615 4389 684 4446 parte
701 4391 725 4432 et
771 4397 824 4429 cres
840 4388 863 4428 et
880 4378 981 4428 tartari
994 4379 1069 4428 moria
1080 4387 1160 4429 cautu.
1178 4379 1321 4432 Hincllhe·

170 4463 227 4512 dun
244 4468 281 4515 est
297 4464 425 4528 legitimae
442 4481 471 4516 m
487 4466 594 4530 patriae,
613 4470 638 4516 et
655 4477 724 4517 exer·
772 4475 864 4512 nanus:
883 4468 906 4509 et
916 4459 1025 4524 fremitu
1034 4458 1235 4524 clamoribusque.
1253 4463 1322 4514 Wal-

1195 4547 1223 4593 17

1281 4722 1328 4754 00
