3130 5308
673 551 846 600 nantoani.
1261 537 1323 604 tat

175 731 338 805 vertisset,
374 747 487 792 eruero
522 726 632 814 iugum
662 732 819 811 potuere;
846 743 903 786 nos
926 721 1043 811 integri
1066 732 1098 788 et
1120 720 1268 791 indomiti
1294 739 1329 792 ιι

175 841 209 902 in
247 835 427 901 libertatern
456 853 520 896 non
547 830 580 894 in
601 827 829 917 poenitentiam
852 826 970 907 laturi,
993 827 1095 916 primo
1118 829 1223 894 statim
1247 851 1324 896 oon·

176 963 287 1032 gressu
323 933 544 1013 ostendamus,
570 955 647 1022 quos
669 931 728 997 sibi
752 929 925 997 Caledonia
947 932 1029 998 uiros
1052 934 1235 1024 seposuerit.

226 1041 363 1110 XXXII.
401 1051 453 1106 An
489 1037 622 1105 eandem
657 1036 808 1102 Romanis
835 1037 868 1100 in
892 1035 1150 1104 belloairtutem
1175 1040 1328 1127 quentin

177 1171 259 1242 paee
292 1146 453 1212 lasciviam
491 1143 597 1210 adesse
625 1140 776 1208 eraditis?
802 1139 924 1207 Nostris
947 1141 996 1207 illi
1018 1140 1264 1209 dissensionibus
1290 1165 1326 1209 ao

179 1251 345 1320 discordiis
370 1250 448 1316 clari
470 1251 546 1315 aitis
568 1248 706 1314 hostium
728 1247 761 1310 in
785 1246 917 1335 gloriam
941 1246 1094 1312 exereitus
1117 1247 1325 1328 ruinartun13

178 1379 297 1448 quem,
331 1368 531 1422 contractum
552 1377 589 1420 er
612 1351 826 1418 diversissimis
849 1351 1016 1442 gentibus,
1041 1362 1078 1416 ut
1101 1351 1258 1420 secundae
1280 1375 1329 1419 res

177 1475 314 1541 tenent,
349 1462 394 1526 ita
430 1458 577 1526 adversae
607 1456 796 1535 dissolvent,
832 1457 893 1523 nisi
917 1457 1023 1523 Gallos
1046 1469 1078 1522 et
1103 1457 1276 1524 Germanos
1299 1468 1331 1525 et

180 1565 296 1658 (pudet
326 1563 427 1653 dictu)
453 1565 679 1630 Britannorum
691 1562 880 1652 plerosque,
900 1562 975 1628 lieet
987 1561 1195 1628 dominationi
1208 1562 1330 1629 alienae

180 1671 373 1760 sanguinem
408 1669 631 1749 commodent,
668 1666 788 1734 diutius
821 1680 929 1735 tamen
951 1667 1056 1734 hostes
1082 1691 1181 1757 quam
1203 1690 1330 1748 servos,

181 1855 211 1906 in
223 1857 399 1922 poeniteutiam
416 1871 488 1906 arura
504 1854 593 1906 laturi.
623 1854 691 1906 Mihi
706 1855 733 1904 iu
780 1851 862 1904 stra.'’
872 1851 924 1904 Sed
933 1852 1076 1906 Gronovius
1092 1867 1144 1902 uon
1159 1857 1334 1906 recordabatur

179 1944 294 1990 mentem
318 1944 435 1988 renent:
461 1953 505 1986 nos
521 1936 612 2002 intaqrr'
628 1945 652 1987 et
668 1935 733 1986 indo
784 1935 888 1986 Livium
905 1949 979 1986 suum
995 1949 1069 2000 saepe
1085 1935 1121 1984 its
1136 1935 1333 2000 loquislllus.

179 2017 250 2078 auiti,
276 2032 319 2068 naa
344 2016 480 2068 libertatern
503 2017 600 2082 inmune
617 2025 735 2068 tentatum
781 2014 869 2066 Sabini
879 2017 942 2081 fusi
958 2031 1010 2081 per
1028 2031 1103 2082 apros
1119 2023 1204 2064 castro
1220 2013 1285 2065 tosti
1300 2015 1337 2066 ad

181 2097 271 2149 laturi.
296 2098 406 2148 Romani
429 2114 477 2148 nos
500 2099 691 2162 aggrediuntur,
707 2103 735 2148 nt
777 2097 902 2164 praedam
918 2097 1065 2162 relinquunt.
1083 2097 1165 2148 VIII.
1174 2101 1215 2147 ³8.
1226 2095 1334 2148 XXIV.

178 2182 209 2230 in
226 2181 372 2230 servitutem
387 2180 510 2243 redigant.
541 2180 666 2229 Iniuriam
681 2194 733 2229 uon
782 2185 824 2230 20.
842 2180 950 2230 XXVI.
969 2185 1010 2230 41.
1027 2179 1072 2228 ubi
1089 2177 1188 2242 Scipio:
1205 2175 1335 2230 Hannibal

179 2261 293 2310 sinemus
317 2261 436 2320 inultum,
461 2275 508 2310 nee
531 2261 673 2311 libertatem
688 2261 733 2312 im·
781 2259 843 2311 nibil
864 2260 914 2310 iam
929 2260 1009 2311 maius
1021 2267 1143 2326 precatur
1160 2257 1244 2320 Deos,
1262 2276 1335 2324 quum

179 2356 250 2406 pune
265 2348 388 2392 tentatam
403 2355 457 2391 esse
473 2343 605 2406 patiemur.
626 2339 735 2392 Tentare
781 2349 809 2391 ut
833 2341 946 2392 ineolumi
968 2341 1052 2392 aedae
1068 2349 1143 2404 atque
1159 2341 1229 2390 obire
1247 2357 1277 2390 eu
1294 2341 1334 2390 bo·

180 2429 228 2482 est,
245 2423 299 2486 ipso
316 2423 382 2472 facto
397 2422 508 2486 aggredi.
527 2421 566 2474 01⁴.
578 2421 692 2473 Oudend.
702 2424 734 2472 ad
781 2422 854 2474 stium
871 2432 940 2472 terro
952 2422 1033 2472 liceat.
1052 2421 1128 2482 Quod
1144 2422 1334 2472 adsentantium

181 2503 734 2568 Suetonclaud.17.nequeabstinautium
781 2505 886 2564 attinet,
911 2503 1000 2553 similis
1027 2509 1065 2552 ιιι
1081 2502 1125 2552 111ι
1142 2502 1233 2552 Planci
1248 2502 1275 2552 in
1293 2501 1334 2554 Ci-

179 2585 286 2636 alienius
311 2593 407 2634 nutare
431 2583 489 2633 sim.
506 2585 575 2633 aliud
590 2591 640 2644 est,
657 2597 734 2648 quam
782 2599 865 2634 seron.
889 2583 969 2648 Epist.
995 2584 1028 2634 ad
1050 2582 1144 2634 Famil-
1161 2583 1198 2634 X.
1218 2589 1257 2634 14.
1291 2583 1335 2634 Ne

181 2663 293 2730 appradi.
310 2662 413 2724 Laturi,
431 2669 459 2714 ut
468 2664 566 2715 Hietor.
576 2663 733 2715 11.71.Mo-
782 2667 847 2716 inter
872 2665 956 2716 abeno
979 2664 1044 2714 uitia
1067 2664 1114 2714 baa
1138 2674 1222 2730 pentes
1248 2675 1334 2717 nostra

181 2745 274 2806 riuum,
299 2744 448 2796 destinatum
471 2761 488 2793 o
509 2744 590 2796 Gallio
606 2745 733 2806 consulent,
781 2747 848 2798 naula
863 2763 933 2798 suam
945 2747 1336 2814 potontocaastoaemttcort.

182 2825 298 2888 distulit,
322 2825 392 2876 nullu
416 2826 528 2891 offensa,
553 2826 598 2876 sad
617 2828 695 2878 mitem
710 2837 735 2878 et
783 2845 836 2880 non
853 2829 945 2880 oblitus
962 2830 988 2878 h.
1006 2829 1024 2878 l.
1043 2829 1135 2878 Taciti.

183 2905 301 2958 iniurium
316 2906 424 2973 sequitur
441 2907 555 2958 laturum.
573 2909 735 2974 Idem,quod
816 2909 989 2960 Dominutioni
1006 2909 1102 2958 alienae
1118 2910 1259 2974 sanquinem
1275 2926 1335 2960 com·

183 3003 247 3052 ego,
261 2989 445 3052 excogitaverat
461 2988 644 3040 Feilitnsehius.
660 2991 736 3040 Nune
783 2990 884 3040 modsut.
912 2991 1027 3040 Verbum
1052 2989 1203 3038 commodare
1228 2991 1334 3040 illustra·

182 3076 210 3120 et
226 3085 273 3132 pro
290 3069 367 3118 loturi
382 3071 483 3120 coniicit
500 3069 585 3120 ulturi.
782 3073 821 3120 vit
846 3071 914 3122 Cart.
943 3072 976 3119 ad
992 3071 1089 3120 Lucan.
1107 3071 1131 3120 Ι.
1149 3075 1189 3121 83.
1215 3071 1337 3123 Proxima

225 3147 299 3198 Vitia
319 3149 419 3200 bostium
443 3151 469 3200 in
492 3151 598 3216 pluriam
614 3151 736 3202 ιιιιιὶιιι
784 3153 905 3202 ιιιιᾱιιιιι
921 3152 970 3200 ista
986 3167 1072 3200 manua
1087 3152 1163 3202 alicui
1180 3151 1337 3215 oonrmodare,

185 3231 229 3282 sui
252 3239 356 3280 υινιιιιι.
377 3233 409 3282 Id
425 3232 540 3282 astuitia
556 3233 666 3282 hostium
682 3249 737 3284 suo·
784 3235 816 3284 de
848 3249 898 3299 quo
923 3234 1070 3297 interpretes
1095 3235 1128 3284 ad
1153 3233 1233 3285 Plinii
1257 3234 1337 3288 Pane·

184 3328 258 3372 rum,
280 3313 323 3376 qui
338 3311 421 3364 hostes
438 3328 524 3364 sumus
539 3314 600 3378 ipsi,
618 3329 677 3378 orgo
693 3332 737 3367 no·
785 3332 841 3382 gyr.
860 3319 899 3367 71.

185 3401 238 3446 stra
253 3394 324 3443 vitia.
348 3395 464 3444 Muretus
479 3395 579 3445 volebat
595 3398 738 3462 uostralsgi
819 3396 926 3446 Diutius
951 3405 1030 3444 tamsu
1054 3395 1134 3445 bostar
1160 3411 1232 3460 quam
1248 3413 1338 3449 seruos.

185 3474 361 3540 probantium.
379 3475 737 3528 Fmstra.Taeit.Annal.II.
788 3479 922 3540 Proprium
948 3483 1001 3526 erat
1024 3476 1119 3526 diuers:
1146 3491 1219 3540 quum
1239 3476 1338 3527 unicos.

186 3558 226 3607 11.
253 3561 292 3606 15.
318 3555 375 3606 Hos
401 3573 454 3606 ιιιι
478 3556 617 3617 Romanos,
638 3575 739 3622 quorum
788 3559 875 3610 Amisi
900 3557 989 3607 saltem
1011 3557 1141 3619 videntur,
1157 3559 1202 3623 qui
1218 3557 1340 3610 Romanis

183 3653 250 3704 pars
278 3645 368 3688 onusta
395 3637 534 3688 uulneribus
567 3647 651 3703 targa,
674 3655 739 3704 pons
788 3640 936 3704 sanguinem
960 3641 1129 3690 commodant.
1173 3638 1340 3704 Opponuntur

181 3719 304 3782 ιιιιιιὶιιι
322 3728 346 3769 ιι
358 3720 479 3785 procellis
490 3722 595 3786 fractos
612 3720 739 3781 artus,iu·
787 3724 823 3772 ita
839 3722 906 3787 apud
923 3723 982 3772 Liv.
999 3721 1093 3772 XXV.
1111 3726 1153 3772 29.
1178 3719 1284 3772 Diutius
1299 3721 1341 3772 ille

181 3801 269 3866 senus
293 3817 391 3850 rursum
415 3801 537 3862 hostibus,
563 3801 675 3852 adversis
692 3799 741 3850 diis
789 3803 863 3870 multo
888 3803 980 3852 amicus
999 3803 1072 3868 suit,
1099 3818 1170 3868 quam
1194 3803 1234 3852 lu'o
1255 3802 1340 3853 bostis.

186 3881 312 3932 obiiciant.
330 3883 372 3932 Ibi
388 3881 469 3932 bootes
485 3884 600 3934 dicuntur
616 3883 664 3948 ipsi
681 3882 741 3934 Ger·
791 3885 843 3936 Sed
867 3885 990 3935 invidiose
1014 3884 1151 3934 Britannos
1168 3883 1276 3946 appellet
1292 3897 1341 3932 sar·

186 3965 271 4025 mani,
296 3979 403 4029 quorum
427 3966 482 4014 dux
507 3964 640 4016 Arminius
664 3966 743 4030 loqui·
789 3983 839 4016 aes.
864 3967 896 4016 In
922 3963 1016 4016 diutius
1041 3971 1078 4014 est
1099 3965 1223 4028 quaedam
1239 3963 1341 4012 difficul-

186 4053 236 4096 tur.
262 4045 350 4109 Agris.
376 4050 417 4096 36.
435 4045 530 4096 Densis
546 4054 625 4096 tamen
641 4047 744 4098 bostium
790 4054 836 4098 tas.
869 4047 991 4111 Calgacus
1020 4046 1131 4110 loquitur
1155 4046 1186 4094 de
1211 4044 1342 4094 Britannis

187 4127 325 4192 numinibus
341 4125 482 4178 aserebant.
509 4127 651 4180 Gronovius
667 4144 743 4180 anuo·
790 4143 858 4178 nuno
882 4143 928 4192 pro
952 4127 1067 4176 Romam
1091 4125 1262 4176 dominatione
1277 4125 1342 4175 mili-

187 4216 244 4262 tats
263 4209 342 4258 uNon
360 4209 441 4272 placet
456 4211 539 4274 ipsum
552 4211 695 4260 Romanum
702 4211 744 4260 his
790 4210 908 4258 tentibus.
932 4209 1038 4257 Fuerint
1053 4208 1146 4256 diutius
1161 4205 1253 4256 hostes.
1270 4206 1343 4257 Haeo

189 4291 270 4341 hostes
304 4291 444 4355 appellere,
474 4293 545 4356 quasi
575 4297 687 4355 respectu
712 4293 744 4340 ad
793 4306 844 4341 non
871 4295 908 4340 ιιι
932 4303 1033 4348 mussa,
1059 4303 1103 4338 our
1119 4302 1171 4336 non
1189 4301 1242 4338 esse
1258 4293 1342 4352 potue·

190 4373 329 4422 Britannos
353 4373 446 4422 habito.
483 4373 566 4422 Multo
590 4373 745 4424 commodius
792 4373 843 4422 rint
867 4371 951 4422 amici.
970 4369 1102 4422 Sententia
1117 4368 1175 4420 talis
1191 4383 1273 4435 neque
1287 4371 1342 4420 uni·

189 4456 307 4519 ιιᾱιιιιι,
332 4459 360 4505 ut
384 4455 497 4519 legamus
514 4470 571 4531 eum
590 4455 690 4508 Miuato
707 4472 745 4507 uo·
793 4468 864 4508 versa
889 4467 970 4520 nsque
994 4454 1021 4506 in
1046 4453 1093 4507 heo
1119 4459 1258 4508 causaest
1275 4465 1342 4506 rara.
