3134 5310
665 535 844 585 tantae-tt.

1281 523 1323 586 ll

172 732 251 788 uum
287 709 452 776 reserabat.
502 707 550 774 lta
586 709 700 774 virtute
735 710 768 774 in
803 707 1026 798 obsequendo,
1063 707 1252 776 verecundie
1287 708 1320 772 iu

171 814 390 905 praedicande
421 826 506 879 extra
530 815 678 879 inuidiam
704 835 762 878 nee
785 827 870 879 ertra
894 815 1025 904 gloriam
1048 827 1127 882 eret.

221 921 279 986 IX.
319 920 541 986 Revertentem
577 920 616 984 ab
651 919 807 1008 legatione
842 919 973 1010 legionis
997 922 1086 987 dirus
1112 920 1320 1010 Vespasianus

173 1028 260 1092 inter
293 1026 441 1115 patricios
465 1026 592 1104 aseivit,
618 1047 654 1092 ae
676 1024 791 1092 deinde
815 1027 994 1114 provinciae
1017 1028 1206 1116 Aquitaniae
1229 1048 1321 1115 prae-

174 1225 247 1287 ferri,
264 1233 392 1292 tamquam
408 1229 726 1290 pmdentiaetnecessltate

172 1315 275 1358 coactus
299 1309 335 1358 sic
358 1309 507 1374 loqueretur.
546 1311 622 1358 Nunc
644 1311 727 1358 mode·

173 1389 226 1438 stia
241 1391 386 1452 plusquam
402 1389 482 1439 nimia
496 1391 727 1454 ridetur,proxima

176 1471 339 1520 simulationi.

210 1549 346 1600 Fortunam
362 1551 498 1616 referebat.
516 1551 548 1601 Iu
565 1552 665 1614 proeliis
679 1551 726 1600 l‘or·

173 1643 238 1683 tuna
254 1635 361 1682 muttum
377 1633 457 1692 velet,
475 1645 547 1697 saepe
564 1635 633 1696 plus,
651 1645 727 1696 quam

174 1716 246 1764 ducis
263 1715 436 1764 consiliumet
453 1715 580 1764 tortitudo.
615 1713 673 1762 Hoc
682 1714 727 1762 illa

173 1807 234 1846 vere
259 1797 313 1860 ipsa
337 1797 469 1859 praedicat.
488 1797 546 1846 Iam
562 1795 667 1854 Caesar,
685 1809 726 1858 op

174 1879 252 1928 timus
279 1878 356 1927 iudex
373 1879 399 1926 in
419 1879 451 1928 B.
471 1877 500 1928 C.
519 1879 573 1927 III.
592 1881 633 1928 68.
651 1891 725 1940 agno·

173 1960 223 2008 vit:
251 1957 380 2018 Fortuna,
404 1975 468 2022 qaae
481 1960 615 2026 plurimum
628 1967 725 2024 potest,

175 2057 229 2088 caat
253 2040 281 2089 ia
304 2039 409 2104 reliquis
422 2041 507 2099 rebus,
526 2049 574 2090 tuta
588 2039 726 2106 praecipue

176 2122 203 2170 in
219 2119 297 2170 bellis.
333 2119 384 2169 Hie
397 2127 482 2170 autem
499 2121 617 2181 Cerialis,
634 2121 677 2185 qui
694 2135 727 2169 ne

174 2205 230 2266 ipse
254 2203 356 2266 quidem
380 2203 475 2266 proelio
491 2204 633 2261 interesset,
651 2201 727 2252 tortu

176 2299 238 2334 nam
262 2285 289 2333 iu
305 2297 383 2332 manu
399 2283 515 2334 habuisse
532 2285 643 2342 ridetur,
662 2299 726 2332 eam·

175 2379 226 2430 que
251 2365 347 2414 dedisse
373 2365 519 2428 Agricolam
545 2365 596 2414 tere
616 2371 645 2412 ut
660 2365 726 2427 prin-

172 2461 235 2510 ceps
261 2445 349 2510 eliquit
373 2445 431 2494 duci
447 2449 579 2509 praebebat
595 2445 727 2494 eonsilium

177 2533 205 2576 et
221 2529 290 2576 deos.
324 2525 443 2588 Princeps
460 2533 544 2576 tamen
561 2541 611 2575 non
627 2526 726 2590 praebe-

175 2611 223 2658 bat
245 2608 381 2666 fortunam,
400 2609 444 2656 sed
461 2621 490 2656 eu
506 2611 581 2658 dabat
597 2621 726 2670 prosperos

177 2696 291 2740 eventus.
326 2689 475 2753 Legendum
490 2697 562 2752 puto:
581 2687 638 2738 Ner
651 2685 726 2751 Apri·

175 2771 233 2820 eola
264 2787 368 2835 unquam
390 2771 416 2820 ia
438 2785 507 2819 suam
525 2771 626 2834 famam
649 2771 727 2834 pestis

176 2851 327 2908 exsultatu
346 2849 381 2900 ad
393 2851 477 2900 dacem
490 2851 627 2914 rescrebat.
636 2867 726 2917 nempe

170 2923 283 2998 samam.
309 2933 462 2982 Puteolanus
479 2935 612 2997 fortunam
629 2934 725 2992 omisit,

176 3015 223 3063 sed
240 3015 267 3062 in
283 3015 396 3076 margine
414 3013 550 3076 adscripsit.

217 3091 319 3143 Virtute
334 3095 360 3143 irs
375 3094 532 3158 obsequendo.
556 3095 645 3143 Virtus
653 3109 726 3158 quae·

176 3177 243 3225 darn
259 3175 359 3223 fortasse
374 3173 422 3224 dici
438 3181 548 3240 peterat,
567 3177 588 3225 si
606 3175 727 3239 Agricola

176 3257 354 3320 obsequeretur
370 3255 480 3316 Beluae,
497 3257 617 3320 placidius
627 3259 726 3306 Britan-

174 3339 250 3389 niam
266 3337 372 3386 ferocem
387 3339 492 3400 regenti.
529 3339 615 3397 luna,
628 3337 726 3402 peritus

175 3419 291 3482 obsequi,
315 3419 368 3468 vim
389 3425 413 3468 et
430 3421 544 3468 ardorem
561 3419 725 3482 temperabat,

175 3513 204 3549 se
220 3500 303 3562 ipsum
319 3500 390 3563 quasi
406 3501 535 3558 vincebat,
549 3499 612 3548 nihil
629 3505 726 3562 praeter

175 3583 328 3644 imperatum
354 3595 435 3629 ansus.
467 3579 586 3630 Ceterum
603 3581 629 3628 iu
647 3581 726 3630 milite

174 3664 335 3720 centurione,
352 3663 465 3720 tribuno,
482 3663 579 3724 legato,
589 3659 727 3724 obsequium

175 3758 230 3792 non
256 3749 295 3792 est
317 3741 410 3801 vatus,
436 3741 480 3792 sed
496 3741 611 3791 officinm.
646 3741 726 3790 Debe-

175 3827 239 3874 bant
255 3825 370 3888 obsequi,
388 3825 464 3873 etiam
481 3825 502 3872 si
518 3825 571 3874 dax
588 3837 630 3872 eos
646 3825 726 3872 maxi·

174 3905 226 3954 uris
242 3905 357 3968 perieulis
373 3905 505 3964 obiiceret,
523 3913 548 3954 et
564 3905 600 3954 ire
617 3905 725 3965 iuberet,
746 3929 747 3932 ¹

174 3985 245 4035 unde
267 3999 293 4035 se
309 4001 361 4035 non
377 3987 499 4036 redituros
517 3985 615 4036 scirent.
657 3983 725 4036 Obse-

175 4068 261 4132 quium
285 4067 418 4132 Agricolae
442 4067 547 4116 minime
564 4074 616 4117 erat
632 4067 724 4127 virtus,
745 4133 746 4136 Ἴ

173 4163 255 4212 quum
279 4155 391 4212 praeerat
416 4147 530 4199 Cerialis.
565 4149 617 4198 Hie
641 4151 725 4200 volen-

173 4237 229 4280 tem
254 4231 385 4290 ineltabat,
412 4231 660 4294 communicabatque
677 4232 724 4294 pri·

171 4327 248 4363 mum
270 4311 368 4361 labores
393 4317 418 4361 et
442 4311 599 4371 discrimina,
621 4327 683 4362 mox
701 4317 725 4360 st

173 4393 290 4457 gloriam.
326 4393 505 4454 scribendum,
530 4395 558 4442 ni
574 4391 659 4443 fallor:
676 4393 725 4442 otr-

169 4485 228 4524 'tute
252 4475 280 4524 iu
297 4475 456 4539 exsequendo,
491 4475 584 4524 scilicet
601 4474 667 4524 iussa
681 4471 725 4524 Ce-

771 1227 853 1288 rialis,
870 1231 970 1293 quando
987 1243 1044 1276 eum
1059 1231 1124 1290 parti
1139 1229 1181 1280 vel
1197 1227 1321 1278 totiexer·

773 1307 833 1358 citui
849 1312 1029 1374 praeponebat,
1047 1315 1075 1357 ut
1090 1309 1320 1359 hostesiuvaderet.

773 1389 858 1450 Quam
882 1393 1017 1456 prudenter
1041 1395 1066 1440 et
1082 1387 1179 1440 fortiter
1195 1393 1263 1440 iussa
1278 1403 1321 1440 ex·

773 1477 944 1534 sequeremr‚·
964 1479 1065 1536 apparet
1097 1487 1131 1520 ex
1158 1471 1237 1536 sama
1262 1483 1321 1530 sua,

772 1565 848 1615 quam
865 1553 976 1602 modeste
991 1555 1113 1604 referebat
1128 1553 1161 1602 ad
1177 1553 1273 1602 duoem.

806 1632 863 1681 Nec
880 1643 952 1682 extra
959 1635 1072 1700 pluriam.
1108 1635 1236 1698 Suspecta.
1247 1633 1321 1697 Agri·

772 1713 827 1761 oola
851 1724 964 1778 praeerat
988 1715 1082 1778 legioni
1107 1717 1246 1766 vicesimae.
1275 1714 1321 1765 Ce-

771 1793 854 1854 dalis,
872 1804 945 1859 puto,
962 1799 1079 1846 utebatur
1094 1795 1139 1846 illa
1156 1797 1321 1859 legione,ubi

772 1877 845 1925 multi
861 1877 959 1926 labores
976 1883 1001 1926 et
1018 1877 1162 1927 discrimina
1175 1879 1321 1928 essentsub·

773 1959 862 2007 eunde.
903 1961 944 2008 Ita
969 1971 1041 2021 saepe
1066 1959 1153 2017 fiebat,
1178 1961 1269 2024 purtim
1294 1959 1321 2008 in

772 2053 892 2102 poenam,
918 2039 1009 2102 partim
1025 2044 1054 2086 ut
1069 2047 1169 2101 peecata
1185 2041 1320 2089 abolerent.

774 2119 862 2183 Neque
887 2119 1008 2182 Agricola
1023 2133 1081 2169 enm
1096 2135 1149 2168 una
1164 2119 1264 2184 legione
1280 2133 1320 2170 res

773 2213 857 2263 gerere
878 2207 987 2264 poterat,
1004 2201 1072 2250 uude
1080 2201 1187 2265 gloriam
1195 2201 1322 2266 insignem

772 2283 855 2346 gravis
872 2284 994 2332 momenti
1009 2291 1135 2346 reportare
1151 2291 1240 2348 posset.
1269 2283 1321 2334 Hie

772 2377 849 2427 quum
867 2379 936 2412 suam
958 2378 1059 2427 operam
1081 2363 1174 2414 Ceriali
1194 2367 1322 2428 probasset

773 2446 853 2493 maius
871 2445 1002 2507 imperium
1020 2461 1035 2493 a
1051 2447 1113 2495 duce
1130 2448 1235 2509 aceepit,
1252 2459 1321 2509 prae·

772 2525 866 2590 positus
882 2525 947 2588 parti
964 2525 1101 2584 exercitus,
1119 2525 1253 2590 aliquando
1270 2527 1322 2577 lere

772 2607 833 2665 toti,
851 2605 967 2654 omnibus
983 2606 1132 2670 legionibus.
1159 2607 1269 2659 Siodata
1284 2615 1322 2658 est

773 2687 879 2750 amplior
903 2685 999 2736 occasio
1015 2689 1110 2750 gloriae
1126 2691 1321 2754 consequendae.

774 2767 927 2817 Consecutus
944 2775 988 2818 est.
1025 2769 1065 2818 Ita
1081 2771 1132 2819 iarn
1148 2772 1255 2820 habebut
1271 2771 1321 2837 pto·

773 2849 844 2910 riam,
863 2859 936 2899 cetra
953 2865 1025 2914 paam
1042 2865 1109 2900 nuuc
1125 2867 1176 2901 non
1193 2851 1269 2902 tuisse
1285 2853 1321 2902 di·

771 2929 843 2978 eiurr.
853 2929 927 2979 Adde
944 2931 1011 2994 quod
1027 2945 1079 2980 vox
1095 2933 1149 2994 ipsa
1164 2932 1321 2996 ylorieenon

771 3011 874 3076 pulchre
890 3011 1017 3074 ropetitur.
1049 3013 1152 3060 Tacitus
1167 3013 1250 3075 potius
1264 3013 1321 3061 scri·

772 3092 860 3155 psisset
877 3105 920 3138 nec
938 3099 1010 3139 extra
1028 3090 1125 3140 laudem
1142 3099 1205 3141 erat.
1239 3091 1321 3144 Utin

774 3173 894 3222 Terentio
920 3172 1001 3222 Andr.
1026 3173 1049 3221 Ῑ.
1073 3187 1091 3222 1.
1113 3170 1154 3223 37.
1173 3171 1268 3223 Eorum
1284 3177 1321 3224 ob·

773 3254 963 3318 sequitertia,
982 3253 1100 3303 adsersus
1117 3254 1213 3304 nemini.
1248 3253 1320 3304 Nan·

774 3349 845 3398 quam
867 3351 1025 3400 praeponens
1041 3351 1068 3383 se
1086 3335 1151 3395 illis,
1167 3337 1207 3384 ita
1218 3337 1320 3400 facilli·

772 3429 808 3464 me
843 3413 902 3464 Sine
927 3415 1023 3464 invidia
1041 3415 1137 3464 laudem
1154 3417 1277 3476 invenias,
1296 3427 1320 3466 et

773 3496 863 3544 amicos
877 3507 964 3560 pares.

807 3574 958 3626 Provinciae
991 3573 1152 3638 Aquitaniae.
1196 3577 1320 3630 Wertius:

775 3657 897 3706 nNodnm
922 3657 948 3707 iu
975 3658 1055 3722 scirpo
1071 3663 1195 3722 quaenunt
1209 3660 1321 3724 plerique

772 3740 887 3789 editores.
924 3741 993 3788 Nam
1008 3737 1322 3806 Provinciaedqaitaur'ae

769 3820 933 3886 praepositus
958 3829 1008 3880 est,
1025 3837 1077 3870 non
1094 3827 1143 3880 est,
1158 3823 1322 3886 praepositus

772 3899 928 3966 Aquitaniae
948 3909 1041 3961 terrae,
1060 3915 1123 3966 qaae
1139 3911 1176 3950 est
1189 3887 1322 3966 provincia

772 3981 899 4042 Romano,
926 3983 969 4032 sed
993 3985 1075 4048 potius
1099 3991 1187 4032 nactas
1213 3991 1250 4031 est
1263 3997 1322 4048 pro·

771 4065 876 4114 vinciam
907 4063 1118 4114 adraiaistraadae
1141 4059 1323 4126 Aquitauiac.”
1398 4106 1400 4110 ,

770 4143 1324 4210 Ilrgeinterpretaturmanusadministrandae

771 4225 938 4290 Aquitaniae,
954 4227 1037 4290 itaque
1053 4225 1092 4274 nil
1108 4226 1212 4275 omnino
1228 4225 1322 4276 mirum

770 4319 824 4358 esse
846 4307 920 4356 adiici
945 4305 1090 4371 splendidae
1105 4305 1226 4376 imprimis
1242 4306 1321 4372 diput-

772 4390 846 4448 tatr's‚
864 4389 880 4437 i.
900 4403 920 4436 e.
939 4388 965 4436 in
983 4402 1032 4452 quo
1049 4399 1152 4436 munere
1168 4396 1322 4452 magnaerut

772 4471 888 4533 digeritur.
908 4471 1032 4534 Equidem
1048 4468 1115 4526 illua
1127 4469 1320 4522 diserimenuos

1206 4558 1220 4600 6
