3134 5310
239 528 279 589 48
678 537 828 586 connnnn
854 535 967 584 rscrrr

238 719 416 786 curatores,
440 719 473 772 et
497 707 621 774 sincere
644 709 814 800 inglorium
838 721 869 774 et
893 708 984 774 atteri
1009 705 1169 773 sordidum
1207 710 1393 780 arbitrabu-

238 827 299 879 tur.
348 813 454 879 Minus
490 815 662 880 triennium
686 817 719 880 in
743 837 780 880 ea
803 815 960 904 legatione
983 812 1129 879 detentus
1153 835 1190 880 aa
1215 819 1319 883 statim
1343 819 1393 884 ud

238 943 324 1008 spem
364 917 544 985 consulatus
580 933 742 987 resocatus
773 933 839 998 est,
876 921 1046 985 comitante
1080 921 1228 1007 opinione
1264 925 1393 990 Britan·

237 1027 324 1090 niam
360 1025 390 1089 ei
412 1025 606 1113 provinciam
629 1027 716 1104 dari,
741 1027 837 1090 nullis
860 1027 892 1090 in
916 1025 977 1092 hoc
1001 1025 1064 1088 suis
1087 1028 1305 1108 sermonibus,
1330 1031 1394 1098 sed

236 1225 376 1276 niucialiuru
396 1227 534 1291 superbiam
551 1223 649 1292 diguam
660 1227 716 1293 fide
733 1245 786 1278 con·
829 1225 975 1293 pierumque
1000 1223 1103 1275 tornines
1126 1227 1195 1276 nulla
1219 1246 1247 1278 re
1272 1229 1332 1279 bona
1350 1229 1393 1281 di-

237 1305 786 1374 staatr‘aqueRoraaaacapiamusconsilium,
831 1325 905 1373 qnos,
923 1323 975 1356 cum
992 1305 1077 1370 quibua
1095 1310 1392 1374 compararisordz'dum,

238 1405 285 1454 quo
311 1389 402 1439 tutelae
427 1388 545 1438 sociorum
561 1389 623 1440 nibil
640 1389 786 1455 derogetur,
833 1389 965 1454 confligere
989 1395 1082 1448 autem,
1099 1387 1254 1440 multitudine
1268 1408 1393 1456 pracser-

237 1469 304 1519 noln's
328 1467 410 1534 opinio
435 1467 549 1529 decedat,
576 1471 658 1536 qualis
686 1472 788 1536 quisque
835 1471 876 1520 tim
901 1469 1020 1529 incitata,
1043 1469 1155 1518 miserum
1173 1480 1197 1520 ct
1210 1471 1390 1536 periculosum.

237 1549 369 1611 iubeatur,
387 1549 448 1600 alibi
465 1567 537 1614 quarn
554 1552 580 1600 in
598 1551 787 1602 civiamiudicr'o
835 1551 946 1601 Senecae
964 1556 1013 1600 est:
1032 1565 1083 1598 curn
1100 1553 1229 1617 superiore
1246 1553 1393 1606 contendere

238 1647 298 1681 esse.
333 1633 399 1682 Mox
424 1639 538 1693 senatus,
564 1641 664 1684 auctore
690 1634 787 1684 Princi-
828 1633 970 1698 sariorum,
986 1649 1038 1681 cam
1052 1633 1114 1698 pari
1131 1649 1235 1698 anceps,
1252 1651 1305 1683 cam
1320 1635 1392 1700 inse-

237 1725 286 1778 pe,
304 1715 403 1763 sanxit:
421 1731 450 1763 nc
475 1715 530 1778 quis
555 1713 590 1763 ad
610 1713 735 1764 concilium
751 1733 787 1764 so·

238 1793 329 1844 ciorum
354 1797 477 1859 referret,
503 1793 612 1861 agendas
629 1796 699 1861 apud
714 1793 787 1846 Sena·

240 1885 289 1925 tum
315 1873 526 1941 Propraetoribus
551 1875 634 1925 Prone
651 1877 788 1926 consortibus

238 1967 335 2021 protes,
353 1971 398 2006 acu
416 1957 471 2021 qais
489 1973 519 2006 ea
538 1957 657 2022 legatione
667 1961 787 2024 surpere·

240 2049 289 2090 tur.
314 2039 382 2102 Quas
391 2038 643 2102 igitnrlaudationes,
653 2046 706 2090 arte
714 2055 787 2104 quae-

236 2113 311 2180 'sitam
329 2121 458 2184 Augustus
477 2121 512 2170 lta
529 2121 652 2184 culpavit,
670 2135 716 2171 nec
730 2137 787 2171 con-

239 2203 312 2252 cessit
337 2202 387 2249 nisi
409 2207 465 2264 post
493 2203 560 2250 diem
588 2203 787 2265 sexagesimum,

239 2295 315 2346 quam
348 2282 426 2346 legati
452 2297 484 2332 ex
510 2282 645 2346 provinciis
671 2283 788 2332 decessis-

240 2370 309 2424 sent,
335 2377 396 2428 quas
422 2363 492 2414 Nero
515 2364 627 2423 sustulit,
644 2363 689 2412 tall
706 2363 788 2414 famae

240 2446 320 2496 studia
346 2446 422 2495 etiam
439 2446 494 2495 boni
511 2459 584 2509 saepe
603 2445 735 2495 indulsisse
753 2447 788 2496 di·

240 2527 374 2577 cenentur?
408 2527 437 2577 Si
464 2529 530 2578 male
547 2530 578 2577 de
596 2526 675 2587 bonis,
694 2539 788 2592 quanto

239 2610 310 2672 peius
336 2609 368 2658 de
396 2609 535 2672 Agricola?
572 2609 657 2670 Quare
680 2611 788 2660 scriben-

240 2692 300 2739 dum
325 2695 396 2754 puto:
424 2687 467 2738 Nc
487 2693 587 2755 saraam
614 2689 725 2753 quidem,
749 2693 788 2742 cui

240 2787 313 2838 saepe
337 2773 410 2822 etiarn
432 2771 486 2821 boni
503 2771 639 2838 indulgent,
658 2773 787 2836 quaesiuit.

273 2853 310 2903 Et
325 2853 420 2904 uincere
436 2853 564 2920 ingloriam
581 2863 605 2904 et
622 2855 698 2904 atteri
711 2856 788 2906 sordi·

240 2935 295 2985 dam
315 2935 494 2986 arbitrabatur.
529 2935 599 2986 Talis
616 2936 788 2988 victoriatum

238 3017 319 3069 facilis
343 3026 393 3078 est,
409 3026 438 3067 ut
460 3019 530 3068 nulla
548 3019 606 3067 inde
623 3019 703 3082 gloria
720 3034 788 3083 parc·

238 3107 286 3150 tur.
327 3101 442 3150 Victoria
466 3117 512 3148 non
538 3109 574 3149 est
599 3117 716 3166 operosa,
742 3118 787 3150 noa

239 3175 311 3229 babet
336 3179 443 3241 laudern,
468 3189 497 3230 ut
513 3184 599 3244 po'e'tae
617 3183 710 3232 dicunt.
746 3181 786 3232 In·

238 3259 342 3325 gloriam
363 3261 460 3310 vincere
482 3277 534 3310 non
555 3269 635 3324 potest
651 3265 739 3314 referri
756 3267 787 3314 ad

239 3343 370 3392 inimicum
396 3343 518 3406 dignitate
532 3343 684 3393 inferiorem.
719 3345 787 3394 Nam

239 3431 310 3474 erant
336 3439 410 3488 saepe
435 3431 619 3488 procuratores,
645 3441 707 3489 quos
734 3426 786 3475 vin·

238 3520 294 3556 esre
318 3512 371 3556 tam
395 3507 493 3556 difficile
507 3523 590 3576 quarn
600 3507 736 3570 gloriosum
752 3509 786 3558 le-

238 3587 310 3650 gatis.
355 3586 440 3636 Atteri
470 3589 680 3652 interpretantur:
713 3607 786 3640 onon

237 3670 314 3730 plane
333 3667 415 3726 vinci,
434 3669 477 3716 sed
495 3669 578 3732 aliqua
595 3685 627 3718 ex
644 3677 713 3734 parto
730 3689 787 3722 con·

237 3747 323 3807 tundi,
341 3749 358 3796 i.
377 3761 399 3797 s,
417 3747 597 3798 detrimentum
614 3752 738 3815 opinionis
748 3770 785 3804 ac·

237 3830 335 3895 cipere,
370 3831 493 3880 maculam
526 3833 700 3882 contrahere.''
735 3835 787 3886 Hic

236 3915 332 3972 metus,
358 3909 406 3960 hoc
430 3911 567 3975 pericnlum
584 3929 636 3962 non
655 3915 734 3964 estin
751 3917 786 3966 vi·

236 3993 315 4042 storia
339 3993 414 4044 facili.
449 3991 635 4044 Detrimentum
662 3996 787 4060 opinionis

237 4073 263 4123 in
290 4076 343 4139 ipsa
368 4077 528 4125 contentione
552 4083 683 4140 spectatur.
718 4077 786 4129 Indi·

237 4171 316 4219 gnum
343 4154 477 4220 Agricola,
503 4155 548 4206 tali
573 4155 628 4206 viro
647 4165 672 4207 et
688 4159 784 4223 legato,

834 1715 900 1764 riorc
918 1713 1051 1764 sordidum.
1086 1714 1129 1762 Ad
1146 1715 1222 1764 istum
1239 1717 1342 1766 modum
1357 1719 1390 1768 in

833 1799 910 1845 verbo
936 1796 1013 1845 atteri
1038 1795 1111 1846 debet
1137 1794 1219 1846 inesse
1236 1799 1392 1861 significatio

834 1875 998 1926 contendendi.
1034 1879 1067 1926 In
1093 1878 1231 1927 certamine
1248 1879 1391 1942 Agricolae

833 1961 891 2008 c‘um
912 1963 1070 2020 procuratore
1093 1959 1219 2022 utrimque
1246 1961 1316 2024 qnasi
1333 1977 1391 2011 ma·

833 2053 880 2086 nus
914 2045 1085 2088 conseruntur,
1121 2041 1237 2089 Veniunt
1261 2043 1294 2090 ad
1319 2058 1392 2094 com·

833 2119 952 2183 plexum,
971 2119 1034 2169 alter
1050 2121 1122 2170 alteri
1144 2122 1270 2172 atteritur.
1305 2124 1390 2174 Attri-

833 2207 872 2250 tus
897 2204 1049 2266 procuratori
1071 2203 1187 2261 decorae,
1204 2203 1289 2266 legato
1307 2205 1390 2254 sordi-

834 2283 880 2330 dus
910 2283 1061 2332 aestimatur.
1095 2283 1125 2334 Si
1155 2285 1212 2332 talis
1237 2286 1390 2348 significatio

835 2379 886 2412 non
911 2369 992 2428 potest
1017 2366 1098 2415 inesse
1124 2365 1200 2415 verbo
1224 2366 1314 2429 atteri,
1332 2383 1390 2418 cor—

834 2452 935 2508 ruptum
952 2447 1060 2495 videtin)

868 2526 907 2574 Ac
935 2527 1017 2576 atatim
1042 2528 1077 2576 ad
1100 2545 1167 2593 spera
1189 2529 1330 2580 consulatus
1347 2549 1389 2581 re·

834 2617 935 2657 vocatus
959 2617 1003 2658 est.
1038 2609 1194 2674 Legitimum
1218 2617 1316 2676 tempus
1341 2615 1388 2663 ud-

834 2691 1013 2740 ministrandae
1022 2693 1164 2755 provinciae
1174 2700 1227 2743 erat
1235 2695 1391 2756 triennium,·

834 2761 948 2832 caussae,
974 2789 1018 2822 cur
1040 2774 1117 2837 legati
1134 2775 1227 2824 diutius
1244 2775 1389 2826 detineren-

833 2861 887 2913 tur,
912 2855 953 2902 vel
979 2855 1050 2903 citius
1074 2864 1262 2916 revocarentur,
1288 2857 1387 2907 variae.

835 2935 864 2985 si
889 2935 1009 2998 Agricola
1033 2943 1113 2984 totum
1135 2938 1272 2987 triennium
1295 2938 1388 3001 imple·

833 3017 921 3076 visset,
947 3033 998 3066 non
1024 3031 1065 3066 me
1091 3017 1228 3068 offenderet
1252 3019 1389 3069 aestatim

833 3107 961 3148 reuocatus
986 3106 1036 3157 est,
1059 3113 1210 3163 quamquam
1227 3102 1266 3148 vel
1284 3102 1319 3150 sic
1337 3103 1388 3150 mi-

833 3195 880 3228 nus
903 3181 1029 3242 eleganter
1047 3195 1108 3227 mox
1126 3187 1242 3244 sequatur
1259 3190 1283 3229 et
1300 3182 1389 3232 statim

833 3257 1205 3326 Britanniaepraeposr'tuscst.
1232 3261 1387 3314 Nuncmale

833 3343 1000 3392 conveniunt:
1027 3343 1147 3404 Agricola
1173 3345 1284 3392 nondum
1306 3346 1387 3394 trien-

832 3425 903 3472 nium
928 3425 954 3473 in
972 3424 1111 3487 Aquitania
1127 3424 1255 3485 detentus,
1273 3426 1388 3476 triennio

832 3506 945 3554 nondum
961 3505 1077 3568 impleto,
1095 3506 1180 3555 atatim
1198 3515 1327 3554 revocatus
1337 3515 1385 3556 est.

833 3587 947 3636 Sensisse
963 3589 1061 3636 videtur
1078 3593 1164 3636 scania
1182 3593 1206 3635 et
1225 3587 1331 3650 prudens
1346 3588 1386 3635 in-

832 3673 939 3731 terpres,
957 3669 1086 3732 explicans
1103 3667 1200 3727 statim,
1218 3668 1283 3731 quod
1301 3683 1386 3730 gram

833 3749 922 3797 matice
947 3741 1039 3812 pendet
1064 3763 1097 3798 ex
1113 3757 1241 3798 revocatus
1259 3758 1310 3809 est,
1328 3763 1387 3800 sen·

832 3831 912 3878 tentia
937 3830 990 3892 ipsa
1015 3835 1170 3880 monstrante
1196 3847 1241 3894 pro
1259 3831 1385 3881 anteana

833 3911 906 3972 poni,
929 3909 965 3958 ita
981 3917 1111 3961 revocatus
1129 3919 1166 3961 est
1182 3919 1210 3961 ut
1227 3913 1312 3962 statim
1329 3927 1385 3977 spe-

832 4004 887 4040 rara
912 3993 1068 4043 consulatum
1094 3995 1226 4044 iuberetur.
1263 3993 1329 4044 Sunt
1354 3995 1385 4045 in

833 4075 922 4123 Tacito
947 4075 1041 4124 multae
1066 4075 1185 4138 loquendi
1211 4075 1332 4124 formulae
1350 4077 1385 4124 ab

831 4171 878 4204 usu
903 4157 1030 4206 communi
1054 4163 1179 4215 remotae,
1196 4172 1301 4220 quornm
1317 4159 1385 4207 ratio

236 4239 387 4288 contendere
411 4251 469 4288 cum
492 4238 595 4288 homine
613 4242 723 4290 moribus
740 4242 784 4291 mi·
831 4239 993 4300 grammatica
1010 4239 1045 4288 sic
1070 4233 1155 4288 tameil
1172 4244 1386 4298 constat,utsen-

237 4331 284 4367 nus
300 4318 409 4384 probatis
426 4327 451 4371 et
469 4321 616 4386 plerumque
632 4321 784 4386 siligenere.
831 4319 925 4368 tentiae
943 4319 992 4368 loci
1011 4335 1061 4369 non
1078 4327 1209 4384 repugnet.
1245 4319 1274 4370 Si
1292 4335 1384 4370 conve·

238 4397 296 4448 Hoc
313 4403 477 4452 arbitrabatur
495 4404 630 4452 sordidum.
649 4401 736 4454 Cicero
754 4405 785 4454 de
831 4401 926 4450 nientiu
942 4417 994 4451 non
1011 4402 1060 4450 nisi
1077 4401 1222 4452 difficillime
1235 4408 1259 4451 et
1268 4407 1386 4452 contorte

237 4481 297 4544 Rep.
325 4483 346 4532 l.
373 4487 396 4531 5.
417 4479 545 4532 'Accedere
563 4483 598 4532 ad
613 4485 784 4549 rempublicam
830 4483 927 4534 ostendi
953 4489 1046 4548 potest,
1073 4491 1145 4548 atquc
1163 4483 1188 4532 id
1205 4489 1302 4534 tannim
1321 4498 1387 4534 con·
