3130 5308
658 560 831 608 rourconr.
1276 553 1336 619 101

186 725 434 815 tempestatibus
470 729 642 792 exercitum
679 730 830 793 lacessere
853 749 916 792 non
942 729 1030 808 ousi3
1057 730 1275 821 ponendisque
1296 735 1343 798 in·

187 853 290 920 super
325 831 460 897 castellis
496 834 630 921 spatium
667 833 737 898 fuit.
775 833 980 899 Annotabent
1015 836 1109 924 periti
1143 858 1207 901 non
1244 838 1342 904 aliunr

187 935 308 1001 ducem
344 937 594 1024 opportunitates
629 937 771 1020 locorum
803 939 974 1026 sapientius
997 939 1117 1028 legisse.
1142 940 1276 1007 Nullum
1301 943 1341 1008 ab

191 1041 342 1130 Agricola
378 1044 515 1130 positum
551 1043 714 1108 castellum
752 1055 806 1107 aut
836 1044 865 1108 ri
887 1043 1025 1109 bostium
1050 1058 1264 1135 expugnatum
1287 1060 1342 1114 aut

192 1147 342 1235 pactione
378 1169 414 1211 ec
437 1147 512 1235 fuga
536 1147 716 1226 desertum
745 1148 876 1213 crebrae
898 1149 1100 1237 eruptiones3
1127 1173 1202 1216 nans
1226 1152 1338 1220 adrer-

193 1273 246 1315 sns
282 1273 384 1315 mores
416 1251 585 1317 obsidionis
609 1253 721 1352 annuis
745 1253 842 1340 copiis
866 1253 1087 1321 firmabantur.
1110 1254 1159 1320 lta
1180 1257 1336 1345 intrepida

193 1355 241 1420 ibi
275 1356 391 1434 hiems,
429 1368 460 1422 et
492 1357 551 1422 sibi
586 1358 719 1446 quisque
753 1355 927 1447 praesidio,
956 1358 1050 1425 irritis
1073 1358 1215 1427 hostibus
1238 1384 1340 1451 eoque

193 1641 285 1690 Livius
303 1639 424 1690 XXXV.
445 1645 483 1690 14.
494 1639 743 1706 Pelipnosdeooatat.
790 1651 850 1702 ster,
867 1658 896 1691 ne
913 1656 963 1705 qna
976 1648 1063 1707 posset
1070 1655 1210 1707 erumpere,
1221 1642 1340 1708 inopsque

197 1719 313 1770 Tanaum
337 1721 429 1786 legitur
449 1723 476 1770 in
495 1722 578 1772 Votic.
595 1730 622 1772 at
637 1724 664 1772 in
681 1738 744 1772 mar·
792 1723 930 1788 copiarum,
951 1729 975 1771 et
999 1721 1068 1770 intro
1084 1737 1110 1770 se
1121 1723 1334 1786 jurens,viribus

192 1802 254 1864 gine
274 1803 352 1851 unius
372 1799 459 1852 Tuum.
477 1803 517 1853 De
533 1805 588 1853 loco
605 1803 688 1852 Tenui
703 1804 745 1854 rel
791 1803 868 1852 luatis
893 1802 1090 1866 elanpucscerett
1118 1802 1170 1851 Ubi
1202 1809 1227 1853 et
1251 1804 1339 1870 copiae

194 1883 258 1942 Tai,
283 1897 336 1932 non
370 1885 538 1934 consentiunt.
564 1884 665 1934 Nomen
694 1881 745 1934 Tei
791 1885 822 1932 de
847 1897 943 1931 namna
966 1881 1133 1944 accipiuntur,
1158 1889 1187 1932 ut
1211 1885 1252 1934 bic
1269 1888 1337 1948 apud

189 1965 296 2014 sonans
311 1964 396 2014 verius
407 1971 479 2015 estet
490 1962 744 2028 Tonaiaglossatori·
792 1964 909 2013 Tacitum
934 1963 1104 2026 accipiendae,
1129 1977 1181 2012 non
1206 1965 1237 2013 de
1253 1967 1340 2016 militi·

189 2045 745 2109 bnsmutatumedsimilitudinammegisnoti
791 2045 845 2093 bus.
863 2044 953 2093 Livius
968 2043 996 2091 in
1009 2057 1114 2092 numero
1126 2045 1247 2106 singulari
1256 2045 1339 2096 XXV

196 2124 303 2176 Tanais.
332 2126 364 2174 In
382 2127 525 2176 nominibus
540 2127 684 2176 huiusmodi
699 2127 743 2177 flu·
791 2129 832 2173 20.
859 2121 891 2172 In
907 2137 938 2172 eo
955 2122 1002 2172 duo
1018 2123 1144 2173 maritimo
1161 2125 1264 2175 castello
1275 2128 1339 2191 sru-

189 2207 290 2256 minum
315 2207 462 2271 plerumque
487 2212 524 2256 est
548 2207 654 2266 vocalis,
679 2222 743 2271 quae
790 2211 892 2252 mentum
908 2212 1043 2252 conuectum
1060 2180 1111 2264 eit,
1127 2212 1155 2254 ut
1163 2205 1284 2256 exercitui
1288 2223 1338 2272 per

189 2303 295 2351 aquom,
320 2285 410 2335 uadum
434 2288 564 2350 significet.
591 2287 694 2337 Voculis
711 2289 742 2338 ab
788 2284 1275 2349 biememeopiocaaet.Wexinscrelrae
1283 2305 1337 2338 erre

189 2369 265 2418 initio
290 2374 395 2432 augetur
420 2369 529 2417 articulis
553 2370 740 2433 praepositivis,
784 2367 883 2432 prienes
898 2367 969 2415 uncis
985 2367 1098 2427 inclusit,
1124 2369 1183 2431 quia
1204 2371 1336 2419 sententia·

189 2459 215 2510 r,
233 2458 283 2510 ter,
301 2447 359 2509 der,
376 2449 404 2498 in
420 2449 471 2497 fine
488 2450 612 2498 adduntur
624 2450 741 2500 termina·
786 2463 844 2496 rum
859 2461 955 2496 nexum
971 2447 1061 2496 misera
1073 2449 1335 2511 conturbantaepror·

189 2531 286 2589 dones,
302 2545 345 2588 ne,
362 2544 396 2588 ae,
413 2529 477 2578 nihil
486 2529 536 2578 nisi
544 2531 740 2580 terminationes.
786 2543 827 2578 sur
844 2529 1005 2586 subvertunt,
1022 2528 1063 2576 his
1079 2534 1164 2578 anum
1176 2529 1335 2580 omissisom·

190 2609 301 2659 Romeni
316 2611 365 2659 iste
381 2611 459 2659 vuriis
475 2612 555 2660 modis
572 2611 741 2674 enselinguae
786 2609 829 2658 nie
851 2608 951 2671 egregie
968 2614 993 2656 et
1008 2608 1057 2657 rite
1072 2610 1216 2671 procedunt.
1233 2609 1334 2660 Foilitu·

190 2693 420 2742 accommodabant.
447 2692 489 2741 Ita
509 2705 542 2741 ax
563 2691 600 2740 Te
616 2707 682 2752 ame,
704 2690 740 2742 Te
786 2690 868 2740 schins
900 2690 986 2738 laudat
1009 2690 1178 2740 coniecturam
1201 2692 1276 2740 unius
1301 2705 1336 2742 ex

186 2787 281 2832 carneae,
299 2769 740 2833 Ame,Amese,sin1.feceruntTn·
785 2771 912 2834 discipulis
929 2771 992 2820 suis:
1011 2767 1234 2836 Itaintrepidnibi
1242 2772 1334 2829 biems,-

186 2853 272 2912 mesia,
291 2851 406 2913 Tomisa,
424 2851 535 2912 Amisia,
552 2850 679 2913 Amerina,
696 2870 739 2905 no·
785 2853 886 2902 crebrae
902 2850 1043 2916 eruptiones
1060 2860 1084 2901 et
1097 2852 1145 2902 sibi
1153 2854 1335 2918 quisqueproe·

187 2934 227 2983 bis
247 2931 362 2994 licens,
380 2933 512 2984 Eenrs.·1n
525 2931 738 2998 Tausparirnodo
784 2938 857 2988 sidio.
877 2938 1048 3000 nEruptiones
1063 2947 1115 2982 non
1136 2935 1217 2982 solum
1233 2934 1277 2997 qni
1293 2935 1335 2984 ob

185 3021 277 3078 regnat
302 3031 332 3075 a,
349 3022 409 3065 note
424 3016 497 3066 litero
512 3016 539 3064 in
556 3011 623 3064 Ana.
642 3016 739 3066 Eadem
784 3019 895 3067 sidentur
919 3015 1000 3064 facem
1025 3015 1154 3072 dicunmr,
1172 3013 1216 3060 sad
1231 3013 1334 3075 quicun-

186 3095 298 3144 nominis
313 3096 377 3145 ratio
394 3097 421 3145 in
442 3095 535 3161 Topos.
784 3111 832 3163 quo
854 3111 868 3146 a
891 3097 942 3144 suis
964 3095 1052 3145 enanis
1065 3099 1107 3142 aut
1123 3091 1230 3141 castellis
1247 3092 1274 3140 in
1289 3093 1334 3142 ho·

247 3171 449 3239 opportunitates
474 3177 580 3226 locorum
600 3177 739 3242 sapientius
783 3179 860 3228 stium
874 3179 938 3227 fines
954 3177 1092 3226 incurrunt.
1110 3172 1141 3224 ci.
1152 3172 1244 3225 casser
1258 3174 1290 3224 B.
1300 3172 1332 3224 G.

190 3254 289 3320 lepisse.
314 3257 443 3308 Hannibal
468 3259 586 3308 laudabat
611 3258 738 3323 Pyrrhum
784 3261 849 3310 vn.
867 3257 910 3309 22⁹

188 3349 288 3401 regem,
312 3341 376 3402 apud
393 3340 452 3389 Liv.
470 3339 592 3390 XXXV.
612 3345 651 3390 14.
669 3355 738 3403 quem
818 3339 873 3392 Sibi
890 3340 993 3405 quisque
1003 3337 1143 3405 praesidio.
1153 3336 1209 3388 sibi
1216 3338 1333 3402 quodque

184 3417 293 3481 primurn
317 3418 430 3469 &ruisse
454 3429 540 3470 costra
564 3421 661 3470 metari.
694 3419 739 3470 Ad
782 3424 926 3482 castellnm,
944 3421 1031 3487 quiin
1048 3419 1153 3468 castello
1169 3423 1332 3478 eranbprte·

188 3498 233 3547 boc
248 3498 364 3548 nerninem
380 3500 516 3565 elepantiua
533 3501 587 3550 loco
604 3503 706 3567 cepisse.
782 3506 846 3554 sidio
855 3525 861 3562 3
879 3517 926 3552 nec
940 3509 1005 3560 erat,
1021 3515 1065 3548 cnr
1081 3497 1333 3548 auxiliumsbultcro

243 3579 351 3630 Orebrae
374 3583 522 3646 eruptiones.
544 3584 616 3632 Haec
633 3598 648 3632 a
663 3585 736 3634 libra·
782 3584 883 3635 castello
907 3587 1027 3647 peterent.
1054 3578 1186 3630 Sententia
1210 3577 1279 3628 voris
1299 3579 1332 3628 ab

186 3662 231 3711 riis
255 3675 302 3711 sno
322 3663 378 3710 loco
394 3669 463 3712 mota
477 3678 531 3714 essa
547 3665 664 3727 suspicor.
683 3665 736 3714 Me·
782 3667 837 3716 aliis
860 3677 985 3728 expressa.
1004 3661 1107 3712 Sallust.
1125 3661 1158 3710 Β.
1176 3661 1199 3710 Ι.
1217 3665 1257 3709 60.
1282 3657 1332 3710 Ubi

186 3743 275 3792 liorem
291 3742 406 3793 ordinem
421 3751 497 3807 puto:
515 3745 606 3794 nullum
622 3743 737 3809 abAqra'·
782 3748 885 3812 quisque
910 3746 1006 3811 bqotus
1023 3752 1068 3793 out
1085 3741 1195 3792 tribunus
1212 3740 1332 3800 meabat,

186 3823 241 3873 eolo
262 3823 373 3889 positum
390 3824 515 3874 castellum
531 3834 576 3874 out
592 3825 618 3874 ui
633 3825 736 3876 bostium
782 3846 809 3879 eo
834 3844 960 3878 comme
982 3826 1044 3883 niti;
1062 3839 1139 3889 neque
1154 3822 1221 3872 olins
1237 3822 1263 3870 in
1279 3819 1331 3870 olio

186 3912 352 3970 enpupnatum
377 3913 422 3953 aut
434 3907 552 3971 pactione
568 3923 599 3956 oc
608 3910 681 3973 supa
697 3908 737 3958 de·
781 3911 873 3975 nupia,
890 3925 963 3974 quem
979 3908 1005 3958 in
1013 3922 1066 3956 sese
1074 3921 1141 3972 spem
1149 3903 1246 3952 labne.
1254 3901 1330 3963 Virg.

186 3995 293 4041 sertum,·
319 4001 375 4034 num
400 3984 519 4035 anem
535 4003 616 4038 vneror
633 3989 735 4039 obsidio·
783 3993 850 4042 Aen.
877 3991 928 4040 XI.
954 3994 1012 4039 308.
1031 3986 1105 4052 Spem
1121 3983 1144 4032 si
1161 3997 1233 4046 qnam
1249 3979 1329 4029 αᾱεοί-

185 4067 224 4116 nis
249 4067 339 4116 annuis
356 4067 435 4131 copiis
445 4067 621 4128 firmabantur.
640 4067 685 4120 Ite
701 4072 735 4120 in·
782 4074 815 4122 tia
829 4071 943 4122 Aetolum
959 4067 1080 4118 induistis
1088 4067 1114 4115 in
1122 4059 1328 4122 ormia‚Ponite:

187 4147 287 4213 trepido
304 4147 340 4197 toi
356 4147 445 4206 biems,
463 4156 487 4196 et
495 4149 544 4198 sibi
552 4150 655 4214 quisque
660 4167 736 4217 pree·
782 4169 839 4219 spes
863 4153 911 4202 sibi
928 4151 1038 4214 quisque.
1057 4147 1115 4197 Liv.
1134 4143 1186 4194 lX.
1205 4149 1245 4192 23.
1263 4141 1329 4192 Nul-

185 4227 258 4278 aidio.
281 4227 390 4278 Crebrae
406 4229 554 4294 eruptiones,
571 4232 654 4281 irritis
662 4231 735 4282 boati·
782 4233 829 4283 hm
846 4233 920 4291 olibi,
938 4245 1011 4294 want
1026 4230 1053 4278 in
1069 4222 1331 4290 semetipsocuiquanr

186 4311 229 4359 dns
246 4326 283 4375 sq.
302 4309 342 4361 Ol.
360 4310 427 4360 Vell.
446 4311 543 4361 Patere.
562 4311 735 4368 intrusisse
781 4311 891 4365 relictam
908 4326 982 4377 spem.
1001 4308 1137 4360 XXXIV.
1155 4310 1196 4356 2⁸.
1215 4302 1294 4360 Quom
1302 4305 1331 4354 in

183 4391 429 4456 prudentiadiberno
438 4391 562 4458 disposito
570 4397 735 4456 sunttquanto
781 4410 808 4444 se
824 4395 911 4458 cuique
927 4392 1047 4442 minimum
1058 4387 1172 4452 fiduciae
1190 4395 1261 4436 esset.

184 4489 259 4538 opere
284 4472 392 4524 inclusus
417 4473 536 4525 custodiis
553 4473 675 4524 exercitus
695 4492 734 4525 no·
814 4473 903 4526 Irritis
920 4473 1036 4526 nostibus.
1052 4472 1156 4524 Frustra
1173 4470 1329 4536 sperantibus
