3130 5308
225 521 288 581 104
314 506 318 512 ’
639 533 792 580 cosrnmr
816 533 928 580 rucrrr

222 725 273 772 sus
298 702 420 790 ignotas
433 697 517 764 adid
530 711 652 788 tempus
665 713 775 788 gentes
786 701 903 767 crebris
916 701 1011 768 simul
1024 724 1060 766 ae
1072 703 1228 792 prosperis
1240 705 1366 793 proeliis

222 807 364 885 domuit,
378 826 513 892 eamque
524 816 646 892 partem
660 805 858 884 Britanniae,
874 827 955 894 quae
968 805 1152 874 Hiberniam
1163 810 1286 898 aspicit,
1312 833 1366 876 co·

221 914 279 1003 piis
297 911 442 977 instruxit
461 910 492 974 in
513 931 601 997 spem
614 909 712 997 magis
730 931 826 996 quam
842 910 883 976 ob
894 910 1115 991 formidinem,
1129 915 1154 978 si
1168 914 1296 1002 quidem
1307 915 1366 982 Hi-

218 1147 288 1188 rates
311 1146 355 1186 tua
379 1137 413 1186 sit
437 1133 566 1186 millesima
579 1136 684 1201 puppis.
702 1133 768 1185 Iam·

219 1235 266 1284 que
294 1218 428 1283 satiqutas
462 1217 549 1266 ultima
572 1225 653 1265 uersat
678 1233 766 1281 aquas.

219 1300 271 1351 Sed
296 1313 377 1363 neque
401 1298 458 1347 talis
480 1297 649 1362 interpretatio
666 1298 715 1345 huc
732 1297 765 1346 fa·

217 1383 259 1430 eit.
278 1381 406 1430 Beckerus
422 1377 532 1441 legebat:
549 1393 606 1426 aere
614 1377 705 1442 primo.
716 1377 765 1426 Mi·

216 1477 265 1512 nus
281 1461 399 1511 credibile
416 1467 453 1510 est
462 1460 578 1508 Tacitum
588 1460 623 1508 ita
632 1459 764 1521 scripsisse.

219 1543 340 1607 Agricola
364 1542 391 1590 in
416 1540 576 1590 Britanniam
597 1540 667 1589 venit
682 1540 765 1590 media

217 1631 321 1672 aestate.
348 1623 433 1680 Anni,
458 1635 520 1685 quos
542 1621 578 1670 ibi
594 1621 675 1683 degit,
691 1635 764 1684 porro

218 1711 336 1755 notantur
360 1717 404 1768 per
421 1710 542 1751 aestates:
560 1701 604 1749 nbi
620 1708 705 1749 aestas
721 1699 765 1749 ad·

217 1786 295 1845 vemt,
313 1793 405 1849 quarta
421 1791 519 1843 aestas,
536 1789 632 1830 aestate
650 1797 700 1844 qna
712 1797 764 1830 eea·

218 1877 267 1916 turn
291 1865 367 1931 officii
389 1881 476 1914 aunum
500 1862 641 1912 inchoabat:
668 1863 705 1912 bis
721 1877 765 1926 per

218 1965 318 2008 annum,
334 1954 363 1995 nt
381 1945 469 1995 tertius
481 1942 764 2009 eapeditionumanuus‚

220 2029 305 2093 quinto
330 2026 511 2093 expeditionum
535 2040 606 2074 anno.
633 2023 766 2074 Praeterea

217 2117 302 2159 aestas
317 2109 395 2172 vulgo
411 2108 464 2156 sola
480 2106 547 2156 bello
556 2105 764 2168 gereudcidonea

217 2193 367 2250 hebebatur,
393 2189 455 2238 adeo
479 2193 508 2236 ut
532 2193 617 2235 aestas
641 2187 695 2250 ipsa
718 2200 764 2248 pro

217 2269 372 2336 expeditione
395 2274 514 2317 sumatur.
539 2267 571 2316 ci.
589 2265 656 2317 Cart.
674 2268 706 2315 ad
723 2265 763 2316 Ci-

216 2366 299 2401 ceron.
326 2352 406 2414 Epist.
431 2351 464 2398 ed
488 2348 674 2398 Fam.111.s.
693 2347 763 2396 Vell.

217 2435 314 2484 Patere.
339 2433 377 2480 11.
400 2434 440 2481 47.
459 2428 553 2478 Novem
570 2429 706 2480 aestatibus
722 2428 764 2477 via

216 2516 269 2566 ulia
293 2531 339 2565 nen
363 2511 512 2563 iustissimus
528 2510 665 2577 triumphus
682 2508 764 2557 emeri-

217 2605 265 2645 tas.
292 2595 376 2657 Quare
398 2593 507 2642 Beckeri
523 2607 579 2640 vere
592 2591 674 2656 prime
690 2589 763 2654 perti-

217 2684 287 2726 neret
311 2677 343 2725 ad
367 2676 444 2724 finem
461 2675 521 2723 anni
537 2674 632 2738 quinti,
649 2686 700 2721 non
718 2672 763 2720 ini·

216 2759 361 2808 tiumsexti.
380 2758 435 2820 Ego
446 2757 562 2819 legebam
569 2754 763 2818 aestateprima‚

216 2840 233 2889 i.
251 2855 273 2889 e.
297 2840 400 2889 ineante
424 2843 530 2896 aestate,
556 2835 627 2884 initio
642 2834 761 2893 aestatis,

215 2926 244 2969 ut
260 2935 314 2984 cap.
332 2925 373 2969 29.
391 2919 499 2970 Wexius
515 2917 588 2979 legit:
606 2916 664 2965 naui
672 2916 762 2980 inpre-

812 1142 893 1186 mntat
914 1137 941 1186 ia
962 1136 1044 1203 prime
1068 1154 1134 1189 cere.
1160 1141 1229 1191 Nota
1245 1143 1365 1193 sentilla

809 1216 895 1280 prima
919 1217 986 1278 luae,
1010 1220 1161 1284 cumprime
1178 1221 1244 1282 iuee5
1261 1231 1287 1272 at
1303 1225 1363 1274 Liv.

812 1297 864 1346 IX.
899 1303 939 1348 36.
982 1297 1088 1350 Postero
1114 1301 1167 1362 die,
1194 1303 1247 1352 luce
1268 1306 1361 1369 prima.

811 1378 901 1443 Neque
926 1381 1054 1430 Kritaium
1078 1381 1211 1434 offendisse
1227 1386 1309 1444 dices,
1326 1386 1363 1434 in·

810 1465 985 1522 terpretatum:
1005 1485 1016 1504 n
1027 1479 1088 1512 naue
1101 1465 1271 1528 prima,quae
1278 1465 1363 1516 hieme

811 1547 936 1591 bansacta
960 1544 1148 1607 navigationem
1172 1559 1256 1594 rnrsns
1274 1547 1361 1610 aperit.

812 1621 911 1682 Quare,
936 1639 1014 1688 quum
1038 1625 1078 1674 his
1100 1627 1183 1674 verbis
1208 1632 1305 1691 tempus
1330 1628 1361 1676 si·

809 1703 954 1766 gnificatur,
972 1707 1361 1770 quouavigatioincipit,quem-

811 1785 945 1834 admodum
970 1788 1036 1849 epod
1062 1787 1152 1837 Horat.
1180 1789 1260 1851 Epist.
1286 1789 1310 1837 Ι.
1337 1791 1361 1839 7.

813 1869 851 1914 13.
878 1881 930 1914 cum
950 1865 1080 1916 ltirundirie
1092 1869 1189 1932 prima,
1207 1883 1293 1918 sensus
1310 1875 1362 1919 est:

809 1947 853 1995 nbi
869 1948 980 2010 primum
995 1962 1039 2012 par
1056 1951 1117 1999 anni
1133 1957 1305 2014 tempestatem
1317 1965 1362 2000 na·

809 2028 890 2090 vigeri
906 2028 1015 2092 potnit.'’
1033 2030 1106 2080 Esset
1123 2032 1186 2082 adeo
1195 2031 1361 2096 nosemiata,

809 2110 876 2171 qnod
897 2110 984 2173 prima
1009 2109 1164 2176 nauiyatione
1181 2114 1246 2176 apud
1264 2111 1362 2162 Cicero-

809 2204 869 2239 nem
885 2191 965 2254 Epist.
983 2193 1015 2242 ad
1033 2192 1066 2253 Q.
1082 2192 1197 2242 Fratrem
1206 2194 1244 2242 11.
1255 2198 1279 2243 6.
1293 2191 1363 2243 Tuas

809 2270 913 2333 mirifice
939 2270 1028 2321 literas
1044 2281 1172 2338 exspecto.-
1191 2282 1265 2338 atque
1281 2273 1363 2323 adduc

809 2351 917 2400 claussen
946 2369 1014 2402 mare
1034 2354 1123 2417 juisse
1145 2354 1212 2410 1110,Ι
1230 2355 1275 2404 sed
1290 2371 1361 2418 quos·

809 2431 865 2481 dam
882 2433 977 2482 venisse
994 2443 1073 2484 tamen
1087 2432 1158 2484 Otota
1167 2434 1287 2485 dicebant.
1296 2433 1361 2484 Eos-

810 2513 863 2562 dem
887 2514 985 2563 aiebant
1010 2515 1124 2564 ncubare
1149 2525 1173 2566 te
1194 2517 1279 2581 prima
1294 2517 1363 2566 naei-

808 2595 907 2660 9atione
932 2596 1139 2646 tramissurum.
1171 2595 1261 2646 Obstat
1285 2597 1361 2647 inter·

809 2678 941 2740 probationi
959 2678 1118 2737 Kritzianae,
1135 2679 1202 2742 quod
1214 2678 1300 2743 prima
1317 2694 1361 2728 na·

808 2759 901 2822 uipatie
926 2759 970 2809 din
994 2765 1052 2808 ente
1074 2767 1171 2823 tempus
1195 2765 1279 2823 aperte
1305 2767 1360 2821 est,

807 2854 857 2903 quo
874 2840 996 2903 Agricola
1012 2841 1303 2905 novamexpeditionnm
1313 2857 1359 2892 an-

807 2937 869 2970 num
885 2922 1026 2984 incipiebat.
1044 2923 1151 2973 Boetius
1166 2923 1278 2986 legebat:
1296 2936 1360 2970 naue

215 3001 282 3050 sima
303 2999 481 3064 transqressis;
499 2997 570 3058 naui,
587 2997 647 3061 qnia
663 2997 760 3055 Latini,
804 3002 911 3066 primum
936 3011 1121 3066 transqressus,
1139 3003 1156 3052 i.
1183 3017 1205 3052 s.
1231 3002 1359 3066 priorem,

214 3084 258 3132 ubi
283 3099 334 3132 uon
360 3083 391 3131 de
415 3080 518 3144 navigio
542 3079 638 3142 aliquo,
665 3080 708 3127 sed
730 3079 761 3127 de
808 3082 920 3142 Clotam,
944 3089 969 3132 et
984 3084 1069 3134 laudat
1086 3083 1252 3132 Matthieenm
1268 3084 1300 3132 ad
1318 3083 1360 3133 ct.

214 3164 356 3226 navigando
380 3161 473 3224 agitur,
499 3161 624 3223 scripsisse
645 3160 762 3208 videntur
806 3178 855 3212 cer.
882 3162 952 3215 Orat.
978 3179 1023 3228 pro
1039 3164 1129 3214 Sextio
1147 3163 1227 3212 XIX.
1245 3170 1285 3214 44,
1306 3165 1359 3214 h.

214 3245 283 3302 naui,
308 3258 360 3292 non
385 3255 457 3297 naue;
482 3246 609 3302 praetereo
624 3246 695 3301 putat
712 3241 760 3288 Be·
806 3245 856 3292 tius
885 3251 969 3295 tamma
1001 3246 1106 3295 arbitror
1131 3247 1201 3310 sequi
1225 3247 1359 3308 vulgarem

156 3371 158 3376 .
213 3325 317 3375 alterum
333 3329 358 3373 et
373 3335 414 3372 me
430 3335 482 3368 non
499 3332 553 3369 esse
567 3321 707 3370 recordatos
716 3335 761 3382 pro
805 3327 1023 3385 cousuetudinem,
1038 3326 1358 3392 etlcgereprs'rnaaestate.

213 3423 269 3457 uere
282 3406 376 3472 primo,
393 3408 490 3452 aestate
503 3400 588 3465 prima
604 3401 760 3450 certedicen·
806 3407 916 3470 Elegans
941 3415 978 3458 ost
1002 3408 1158 3459 Wexienum
1181 3408 1208 3456 in
1221 3407 1356 3471 mesina,

213 3490 274 3538 dnm
290 3488 366 3536 finisse
379 3484 460 3550 primo
476 3497 533 3530 vere
543 3519 550 3541 ‚
562 3481 759 3546 primaaestate.
805 3487 852 3536 hoc
868 3502 925 3537 cnm
938 3487 1281 3554 primasaepeconfunditnr.
1291 3487 1357 3538 Ani-

215 3569 331 3622 Sciebam
355 3573 463 3624 veteres,
488 3565 520 3614 de
544 3563 617 3612 initio
641 3563 759 3627 temporis
804 3569 938 3618 madvertit
964 3570 1015 3620 iam
1041 3569 1152 3620 Gronov.
1179 3571 1211 3618 ed
1237 3570 1296 3618 Lir.
1315 3569 1355 3618 II.

212 3651 355 3714 loquentes,
377 3647 483 3694 scribere
496 3643 581 3707 prima
596 3652 706 3704 aestate,
723 3645 759 3693 id·
805 3656 846 3699 33.
872 3651 941 3700 Fieri
967 3665 1066 3716 quoque
1090 3657 1183 3714 potest,
1200 3657 1229 3699 ut
1245 3665 1306 3698 noue
1323 3651 1358 3699 sit

212 3743 262 3794 que
286 3729 319 3777 bd
342 3725 557 3788 distingflffldffll,
579 3730 652 3787 llum,
670 3726 758 3774 abae·
804 3731 900 3794 glossa,
917 3738 943 3781 et
956 3733 1234 3796 primaeormptumax
1243 3729 1357 3780 Brianr'a

212 3817 279 3860 state
300 3808 397 3874 prima,
414 3803 529 3862 secunda,
547 3804 630 3853 tertia.
649 3803 714 3865 Sed,
731 3812 760 3855 ut
804 3814 821 3861 i.
840 3827 862 3862 ο,
888 3814 1029 3862 Britannia,
1056 3813 1132 3862 Recte
1157 3813 1246 3862 saltem
1262 3813 1355 3862 dicere.

211 3889 391 3941 humanissime
416 3887 557 3944 admonuit,
579 3900 630 3934 non
647 3887 758 3936 recorda·
804 3900 844 3942 tur
877 3902 1046 3958 transqreesua
1077 3892 1252 3952 Britanniam,
1277 3907 1356 3956 quam

212 3976 264 4024 bar.
290 3971 415 4036 Alioquin
438 3974 536 4018 seculus
559 3966 662 4016 fuissem
685 3983 759 4017 11111111
805 3975 848 4024 alii
861 3975 1003 4039 statuissent
1011 3976 1146 4025 terminum
1155 3975 1354 4039 expeditionum.

212 4056 354 4118 vulgarem,
380 4059 405 4102 θῑ
429 4050 602 4100 0⁰1110⁰i⁸⁸0¹11²
617 4049 702 4113 prima
719 4065 758 4098 ae·
840 4053 870 4106 St
900 4055 995 4119 quidem
1026 4055 1162 4117 Hiberida,
1186 4055 1264 4105 medio
1288 4056 1355 4105 inter

211 4145 285 4186 state.
303 4135 759 4194 Constansetperpetuustamenusns
804 4134 966 4186 Britanniam
998 4145 1074 4201 atque
1106 4137 1260 4203 Hispaniam
1292 4136 1354 4186 sita.

210 4217 288 4267 inisse
312 4232 364 4266 non
388 4216 494 4265 ridetur.
521 4213 579 4275 lpse
601 4212 708 4262 Wexiue
726 4227 758 4261 ex
804 4217 925 4266 Nondum
950 4219 1077 4283 intelligo,
1102 4220 1162 4284 qaid
1187 4219 1235 4268 ista
1259 4217 1354 4280 signifi-

212 4298 287 4347 Lirio
312 4297 384 4347 affert
408 4295 488 4344 XXI·
507 4296 547 4342 21·
564 4292 607 4341 ubi
624 4294 655 4342 de
672 4295 758 4342 eadem
804 4305 868 4348 cent.
895 4300 1024 4350 Bratsrius
1042 4305 1067 4348 et
1084 4301 1205 4349 Ernestns
1221 4313 1300 4363 pauca
1317 4306 1354 4348 at·

211 4392 238 4427 re
254 4385 309 4428 tum
323 4379 405 4442 primo
420 4392 477 4426 uere
493 4381 620 4424 tumuere
634 4374 724 4439 prima,
734 4381 759 4423 ct
803 4381 914 4429 tulerunt
930 4381 962 4431 ad
978 4381 1153 4430 obscuritatem
1161 4381 1356 4431 discutiendam.

214 4457 293 4507 XXI.
312 4463 335 4506 5.
349 4459 757 4526 cereprimo.Wexiusutmmqne
804 4461 863 4511 Ille:
892 4461 1047 4521 uHibsrnia,
1075 4463 1110 4511 ita
1135 4463 1160 4511 in
1183 4463 1266 4514 medio
1288 4463 1353 4522 sita,
