<?xml version="1.0" encoding="UTF-8"?>
<!DOCTYPE html PUBLIC "-//W3C//DTD XHTML 1.0 Transitional//EN"
    "http://www.w3.org/TR/xhtml1/DTD/xhtml1-transitional.dtd">
<html xmlns="http://www.w3.org/1999/xhtml" xml:lang="en" lang="en">
 <head>
  <title>
</title>
<meta http-equiv="Content-Type" content="text/html;charset=utf-8" />
  <meta name='ocr-system' content='tesseract 3.04.00' />
  <meta name='ocr-capabilities' content='ocr_page ocr_carea ocr_par ocr_line ocrx_word'/>
</head>
<body>
  <div class='ocr_page' id='page_1' title='image "./ccorneliitaciti09tacigoog/ccorneliitaciti09tacigoog_0121.png"; bbox 0 0 3130 5308; ppageno 0'>
   <div class='ocr_carea' id='block_1_1' title="bbox 103 538 261 600">
    <p class='ocr_par' dir='ltr' id='par_1_1' title="bbox 103 538 261 600">
     <span class='ocr_line' id='line_1_1' title="bbox 103 538 261 600; baseline -0.006 0"><span class='ocrx_word' id='word_1_1' title='bbox 103 589 111 600; x_wconf 71' lang='lat'><em>,</em></span> <span class='ocrx_word' id='word_1_2' title='bbox 197 538 261 600; x_wconf 82' lang='lat'>108</span> 
     </span>
    </p>
   </div>
   <div class='ocr_carea' id='block_1_2' title="bbox 617 546 908 594">
    <p class='ocr_par' dir='ltr' id='par_1_2' title="bbox 617 546 908 594">
     <span class='ocr_line' id='line_1_2' title="bbox 617 546 908 594; baseline -0.01 0"><span class='ocrx_word' id='word_1_3' title='bbox 617 548 771 594; x_wconf 72' lang='lat' dir='ltr'>CORNELII</span> <span class='ocrx_word' id='word_1_4' title='bbox 796 546 908 592; x_wconf 68' lang='lat' dir='ltr'>Ticl&#39;l&#39;l</span> 
     </span>
    </p>
   </div>
   <div class='ocr_carea' id='block_1_3' title="bbox 197 713 1380 1212">
    <p class='ocr_par' dir='ltr' id='par_1_3' title="bbox 197 713 1380 1212">
     <span class='ocr_line' id='line_1_3' title="bbox 197 713 1337 806; baseline 0.002 -22"><span class='ocrx_word' id='word_1_5' title='bbox 197 721 261 796; x_wconf 86' lang='lat' dir='ltr'>cie,</span> <span class='ocrx_word' id='word_1_6' title='bbox 299 739 397 806; x_wconf 91' lang='lat' dir='ltr'>quum</span> <span class='ocrx_word' id='word_1_7' title='bbox 433 715 526 780; x_wconf 88' lang='lat' dir='ltr'>simul</span> <span class='ocrx_word' id='word_1_8' title='bbox 560 727 641 780; x_wconf 86' lang='lat' dir='ltr'>terra</span> <span class='ocrx_word' id='word_1_9' title='bbox 672 713 765 779; x_wconf 91' lang='lat' dir='ltr'>simul</span> <span class='ocrx_word' id='word_1_10' title='bbox 789 715 869 777; x_wconf 89' lang='lat' dir='ltr'>mari</span> <span class='ocrx_word' id='word_1_11' title='bbox 892 713 1012 779; x_wconf 90' lang='lat' dir='ltr'>bellum</span> <span class='ocrx_word' id='word_1_12' title='bbox 1036 714 1272 802; x_wconf 84' lang='lat' dir='ltr'><strong>impelleretur,</strong></span> <span class='ocrx_word' id='word_1_13' title='bbox 1298 745 1337 787; x_wconf 86' lang='lat' dir='ltr'>ac</span> 
     </span>
     <span class='ocr_line' id='line_1_4' title="bbox 197 819 1338 912; baseline -0.002 -24"><span class='ocrx_word' id='word_1_14' title='bbox 197 846 288 912; x_wconf 81' lang='lat' dir='ltr'><strong>saepe</strong></span> <span class='ocrx_word' id='word_1_15' title='bbox 323 822 434 886; x_wconf 89' lang='lat' dir='ltr'>iisdem</span> <span class='ocrx_word' id='word_1_16' title='bbox 467 820 574 885; x_wconf 80' lang='lat' dir='ltr'>castris</span> <span class='ocrx_word' id='word_1_17' title='bbox 597 819 691 908; x_wconf 89' lang='lat' dir='ltr'>pedes</span> <span class='ocrx_word' id='word_1_18' title='bbox 715 840 875 906; x_wconf 84' lang='lat' dir='ltr'>equesque</span> <span class='ocrx_word' id='word_1_19' title='bbox 899 829 930 882; x_wconf 88' lang='lat' dir='ltr'>et</span> <span class='ocrx_word' id='word_1_20' title='bbox 954 819 1101 883; x_wconf 87' lang='lat' dir='ltr'>nauticus</span> <span class='ocrx_word' id='word_1_21' title='bbox 1125 821 1227 900; x_wconf 89' lang='lat' dir='ltr'>miles,</span> <span class='ocrx_word' id='word_1_22' title='bbox 1251 827 1338 892; x_wconf 82' lang='lat' dir='ltr'>misti</span> 
     </span>
     <span class='ocr_line' id='line_1_5' title="bbox 197 923 1336 1018; baseline 0.002 -23"><span class='ocrx_word' id='word_1_23' title='bbox 197 929 294 1018; x_wconf 89' lang='lat' dir='ltr'>copiis</span> <span class='ocrx_word' id='word_1_24' title='bbox 329 940 361 994; x_wconf 90' lang='lat' dir='ltr'>et</span> <span class='ocrx_word' id='word_1_25' title='bbox 398 927 527 1002; x_wconf 83' lang='lat' dir='ltr'>laetitia,</span> <span class='ocrx_word' id='word_1_26' title='bbox 563 947 617 988; x_wconf 86' lang='lat' dir='ltr'>sua</span> <span class='ocrx_word' id='word_1_27' title='bbox 642 925 774 1012; x_wconf 90' lang='lat' dir='ltr'>quisque</span> <span class='ocrx_word' id='word_1_28' title='bbox 802 923 904 1000; x_wconf 83' lang='lat' dir='ltr'>facta,</span> <span class='ocrx_word' id='word_1_29' title='bbox 930 945 1000 987; x_wconf 88' lang='lat' dir='ltr'>suos</span> <span class='ocrx_word' id='word_1_30' title='bbox 1022 945 1111 988; x_wconf 87' lang='lat' dir='ltr'>cesus</span> <span class='ocrx_word' id='word_1_31' title='bbox 1135 929 1336 1014; x_wconf 79' lang='lat' dir='ltr'>attollerent,</span> 
     </span>
     <span class='ocr_line' id='line_1_6' title="bbox 197 1027 1380 1120; baseline 0 -20"><span class='ocrx_word' id='word_1_32' title='bbox 197 1057 234 1100; x_wconf 86' lang='lat' dir='ltr'>ac</span> <span class='ocrx_word' id='word_1_33' title='bbox 268 1031 362 1099; x_wconf 88' lang='lat' dir='ltr'>modo</span> <span class='ocrx_word' id='word_1_34' title='bbox 386 1031 534 1096; x_wconf 81' lang='lat' dir='ltr'>silvarum</span> <span class='ocrx_word' id='word_1_35' title='bbox 559 1052 595 1094; x_wconf 87' lang='lat' dir='ltr'>ac</span> <span class='ocrx_word' id='word_1_36' title='bbox 618 1029 774 1092; x_wconf 87' lang='lat' dir='ltr'>montium</span> <span class='ocrx_word' id='word_1_37' title='bbox 797 1027 972 1116; x_wconf 85' lang='lat' dir='ltr'>profunda,</span> <span class='ocrx_word' id='word_1_38' title='bbox 999 1028 1091 1094; x_wconf 90' lang='lat' dir='ltr'>modo</span> <span class='ocrx_word' id='word_1_39' title='bbox 1111 1043 1338 1120; x_wconf 82' lang='lat' dir='ltr'>tempestatum</span> <span class='ocrx_word' id='word_1_40' title='bbox 1373 1071 1380 1078; x_wconf 91' lang='lat'><em>-</em></span> 
     </span>
     <span class='ocr_line' id='line_1_7' title="bbox 200 1130 1339 1212; baseline 0.003 -8"><span class='ocrx_word' id='word_1_41' title='bbox 200 1162 237 1204; x_wconf 87' lang='lat' dir='ltr'>ac</span> <span class='ocrx_word' id='word_1_42' title='bbox 260 1140 418 1203; x_wconf 88' lang='lat' dir='ltr'>fluctuum</span> <span class='ocrx_word' id='word_1_43' title='bbox 443 1135 590 1212; x_wconf 80' lang='lat' dir='ltr'>adversa,</span> <span class='ocrx_word' id='word_1_44' title='bbox 615 1133 692 1198; x_wconf 89' lang='lat' dir='ltr'>hinc</span> <span class='ocrx_word' id='word_1_45' title='bbox 715 1143 799 1197; x_wconf 88' lang='lat' dir='ltr'>terre</span> <span class='ocrx_word' id='word_1_46' title='bbox 823 1143 854 1196; x_wconf 89' lang='lat' dir='ltr'>et</span> <span class='ocrx_word' id='word_1_47' title='bbox 877 1130 992 1210; x_wconf 89' lang='lat' dir='ltr'>hostis,</span> <span class='ocrx_word' id='word_1_48' title='bbox 1019 1131 1096 1199; x_wconf 91' lang='lat' dir='ltr'>hinc</span> <span class='ocrx_word' id='word_1_49' title='bbox 1122 1136 1221 1202; x_wconf 88' lang='lat' dir='ltr'>rictus</span> <span class='ocrx_word' id='word_1_50' title='bbox 1235 1138 1339 1206; x_wconf 85' lang='lat' dir='ltr'>Ocea·</span> 
     </span>
    </p>
   </div>
   <div class='ocr_carea' id='block_1_4' title="bbox 198 1371 1345 2174">
    <p class='ocr_par' dir='ltr' id='par_1_4' title="bbox 198 1371 1345 2174">
     <span class='ocr_line' id='line_1_8' title="bbox 198 1371 1341 1445; baseline 0.001 -14"><span class='ocrx_word' id='word_1_51' title='bbox 198 1382 311 1433; x_wconf 77' lang='lat' dir='ltr'>faciebat.</span> <span class='ocrx_word' id='word_1_52' title='bbox 338 1384 441 1432; x_wconf 92' lang='lat' dir='ltr'>Bellum</span> <span class='ocrx_word' id='word_1_53' title='bbox 460 1388 527 1432; x_wconf 88' lang='lat' dir='ltr'>terre</span> <span class='ocrx_word' id='word_1_54' title='bbox 542 1383 655 1445; x_wconf 86' lang='lat' dir='ltr'>marique</span> <span class='ocrx_word' id='word_1_55' title='bbox 672 1380 747 1430; x_wconf 89' lang='lat' dir='ltr'>simul</span> <span class='ocrx_word' id='word_1_56' title='bbox 793 1384 832 1428; x_wconf 87' lang='lat' dir='ltr'>ret</span> <span class='ocrx_word' id='word_1_57' title='bbox 853 1371 947 1441; x_wconf 75' lang='lat' dir='ltr'>&#39;cupere</span> <span class='ocrx_word' id='word_1_58' title='bbox 964 1385 1067 1437; x_wconf 87' lang='lat' dir='ltr'>terram,</span> <span class='ocrx_word' id='word_1_59' title='bbox 1091 1376 1217 1442; x_wconf 82' lang='lat' dir='ltr'>Oceanum,</span> <span class='ocrx_word' id='word_1_60' title='bbox 1236 1381 1341 1443; x_wconf 81' lang='lat' dir='ltr'>bostem,</span> 
     </span>
     <span class='ocr_line' id='line_1_9' title="bbox 199 1459 1343 1528; baseline 0 -14"><span class='ocrx_word' id='word_1_61' title='bbox 199 1471 297 1527; x_wconf 84' lang='lat' dir='ltr'>gestum</span> <span class='ocrx_word' id='word_1_62' title='bbox 312 1471 432 1514; x_wconf 88' lang='lat' dir='ltr'>terrorem</span> <span class='ocrx_word' id='word_1_63' title='bbox 449 1468 531 1524; x_wconf 87' lang='lat' dir='ltr'>auget.</span> <span class='ocrx_word' id='word_1_64' title='bbox 542 1461 599 1511; x_wconf 77' lang='lat' dir='ltr'>Lis.</span> <span class='ocrx_word' id='word_1_65' title='bbox 610 1461 746 1510; x_wconf 87' lang='lat' dir='ltr'>XXXVI.</span> <span class='ocrx_word' id='word_1_66' title='bbox 793 1473 838 1522; x_wconf 89' lang='lat' dir='ltr'>pro</span> <span class='ocrx_word' id='word_1_67' title='bbox 867 1459 982 1507; x_wconf 85' lang='lat' dir='ltr'>iactando</span> <span class='ocrx_word' id='word_1_68' title='bbox 1006 1459 1102 1508; x_wconf 82' lang='lat' dir='ltr'>maiora</span> <span class='ocrx_word' id='word_1_69' title='bbox 1125 1461 1206 1511; x_wconf 86' lang='lat' dir='ltr'>faeere</span> <span class='ocrx_word' id='word_1_70' title='bbox 1230 1465 1343 1528; x_wconf 76' lang='lat' dir='ltr'>pericula</span> 
     </span>
     <span class='ocr_line' id='line_1_10' title="bbox 200 1538 1341 1608; baseline 0.001 -14"><span class='ocrx_word' id='word_1_71' title='bbox 200 1551 241 1594; x_wconf 78' lang='lat'>42.</span> <span class='ocrx_word' id='word_1_72' title='bbox 267 1543 296 1594; x_wconf 89' lang='lat' dir='ltr'>Is</span> <span class='ocrx_word' id='word_1_73' title='bbox 313 1545 392 1594; x_wconf 88' lang='lat' dir='ltr'>classe</span> <span class='ocrx_word' id='word_1_74' title='bbox 409 1543 600 1601; x_wconf 81' lang='lat' dir='ltr'><strong><em>circummissus,</em></strong></span> <span class='ocrx_word' id='word_1_75' title='bbox 618 1543 656 1592; x_wconf 80' lang='lat' dir='ltr'>ita</span> <span class='ocrx_word' id='word_1_76' title='bbox 671 1543 748 1592; x_wconf 87' lang='lat' dir='ltr'>mode·</span> <span class='ocrx_word' id='word_1_77' title='bbox 793 1547 874 1589; x_wconf 83' lang='lat' dir='ltr'>terrae</span> <span class='ocrx_word' id='word_1_78' title='bbox 891 1545 915 1588; x_wconf 92' lang='lat' dir='ltr'>et</span> <span class='ocrx_word' id='word_1_79' title='bbox 929 1538 1038 1599; x_wconf 82' lang='lat' dir='ltr'>Oceani,</span> <span class='ocrx_word' id='word_1_80' title='bbox 1055 1555 1236 1608; x_wconf 86' lang='lat' dir='ltr'>numerumque</span> <span class='ocrx_word' id='word_1_81' title='bbox 1253 1551 1278 1594; x_wconf 86' lang='lat' dir='ltr'>et</span> <span class='ocrx_word' id='word_1_82' title='bbox 1291 1546 1341 1595; x_wconf 83' lang='lat' dir='ltr'>vir·</span> 
     </span>
     <span class='ocr_line' id='line_1_11' title="bbox 198 1619 1342 1682; baseline 0.002 -8"><span class='ocrx_word' id='word_1_83' title='bbox 198 1625 255 1675; x_wconf 84' lang='lat' dir='ltr'>rari</span> <span class='ocrx_word' id='word_1_84' title='bbox 284 1641 379 1674; x_wconf 87' lang='lat' dir='ltr'>cursum</span> <span class='ocrx_word' id='word_1_85' title='bbox 404 1623 499 1672; x_wconf 84' lang='lat' dir='ltr'>navium</span> <span class='ocrx_word' id='word_1_86' title='bbox 522 1622 605 1672; x_wconf 85' lang='lat' dir='ltr'>iussus</span> <span class='ocrx_word' id='word_1_87' title='bbox 629 1631 697 1682; x_wconf 88' lang='lat' dir='ltr'>crat,</span> <span class='ocrx_word' id='word_1_88' title='bbox 722 1633 749 1672; x_wconf 88' lang='lat' dir='ltr'>ut</span> <span class='ocrx_word' id='word_1_89' title='bbox 793 1626 872 1669; x_wconf 89' lang='lat' dir='ltr'>tutem</span> <span class='ocrx_word' id='word_1_90' title='bbox 904 1619 1015 1669; x_wconf 87' lang='lat' dir='ltr'>hostium</span> <span class='ocrx_word' id='word_1_91' title='bbox 1039 1620 1065 1668; x_wconf 90' lang='lat' dir='ltr'>in</span> <span class='ocrx_word' id='word_1_92' title='bbox 1091 1623 1171 1672; x_wconf 85' lang='lat' dir='ltr'>maius</span> <span class='ocrx_word' id='word_1_93' title='bbox 1196 1627 1342 1676; x_wconf 73' lang='lat' dir='ltr'>extollere?</span> 
     </span>
     <span class='ocr_line' id='line_1_12' title="bbox 200 1700 1343 1770; baseline 0.003 -16"><span class='ocrx_word' id='word_1_94' title='bbox 200 1705 282 1754; x_wconf 82' lang='lat' dir='ltr'>eodem</span> <span class='ocrx_word' id='word_1_95' title='bbox 307 1714 413 1770; x_wconf 87' lang='lat' dir='ltr'>tempore</span> <span class='ocrx_word' id='word_1_96' title='bbox 430 1705 552 1753; x_wconf 76' lang='lat' dir='ltr'>exercitus</span> <span class='ocrx_word' id='word_1_97' title='bbox 568 1703 747 1764; x_wconf 81' lang='lat' dir='ltr'>ostenderetur,</span> <span class='ocrx_word' id='word_1_98' title='bbox 795 1700 847 1750; x_wconf 80' lang='lat' dir='ltr'>Seu</span> <span class='ocrx_word' id='word_1_99' title='bbox 870 1715 912 1750; x_wconf 88' lang='lat' dir='ltr'>me</span> <span class='ocrx_word' id='word_1_100' title='bbox 928 1715 1024 1764; x_wconf 84' lang='lat' dir='ltr'>semper</span> <span class='ocrx_word' id='word_1_101' title='bbox 1040 1709 1151 1753; x_wconf 84' lang='lat' dir='ltr'>moratur</span> <span class='ocrx_word' id='word_1_102' title='bbox 1167 1707 1298 1756; x_wconf 87' lang='lat' dir='ltr'>difficultas</span> <span class='ocrx_word' id='word_1_103' title='bbox 1314 1710 1343 1758; x_wconf 89' lang='lat' dir='ltr'>in</span> 
     </span>
     <span class='ocr_line' id='line_1_13' title="bbox 199 1780 1343 1851; baseline 0.002 -15"><span class='ocrx_word' id='word_1_104' title='bbox 199 1794 223 1836; x_wconf 87' lang='lat' dir='ltr'>et</span> <span class='ocrx_word' id='word_1_105' title='bbox 239 1785 327 1835; x_wconf 81' lang='lat' dir='ltr'>classis</span> <span class='ocrx_word' id='word_1_106' title='bbox 339 1785 749 1851; x_wconf 84' lang='lat' dir='ltr'>portumimraret.Wexiushaec</span> <span class='ocrx_word' id='word_1_107' title='bbox 795 1790 864 1830; x_wconf 90' lang='lat' dir='ltr'>terra</span> <span class='ocrx_word' id='word_1_108' title='bbox 880 1789 904 1830; x_wconf 86' lang='lat' dir='ltr'>et</span> <span class='ocrx_word' id='word_1_109' title='bbox 919 1780 1003 1830; x_wconf 73' lang='lat' dir='ltr'>loeus.</span> <span class='ocrx_word' id='word_1_110' title='bbox 1020 1780 1058 1831; x_wconf 91' lang='lat' dir='ltr'>De</span> <span class='ocrx_word' id='word_1_111' title='bbox 1076 1791 1144 1832; x_wconf 84' lang='lat' dir='ltr'>terra</span> <span class='ocrx_word' id='word_1_112' title='bbox 1161 1785 1211 1834; x_wconf 87' lang='lat' dir='ltr'>iam</span> <span class='ocrx_word' id='word_1_113' title='bbox 1228 1789 1343 1838; x_wconf 84' lang='lat' dir='ltr'>aTacito</span> 
     </span>
     <span class='ocr_line' id='line_1_14' title="bbox 199 1864 1344 1930; baseline 0.003 -14"><span class='ocrx_word' id='word_1_114' title='bbox 199 1867 272 1917; x_wconf 81' lang='lat' dir='ltr'>aliter</span> <span class='ocrx_word' id='word_1_115' title='bbox 296 1866 464 1930; x_wconf 80' lang='lat' dir='ltr'>interpunxit:</span> <span class='ocrx_word' id='word_1_116' title='bbox 489 1867 635 1930; x_wconf 81' lang='lat' dir='ltr'>sequebatur</span> <span class='ocrx_word' id='word_1_117' title='bbox 651 1865 749 1930; x_wconf 81' lang='lat' dir='ltr'>epreqs‘a</span> <span class='ocrx_word' id='word_1_118' title='bbox 794 1864 860 1912; x_wconf 80' lang='lat' dir='ltr'>dicte</span> <span class='ocrx_word' id='word_1_119' title='bbox 884 1868 955 1921; x_wconf 90' lang='lat' dir='ltr'>snut,</span> <span class='ocrx_word' id='word_1_120' title='bbox 980 1877 1045 1926; x_wconf 87' lang='lat' dir='ltr'>quae</span> <span class='ocrx_word' id='word_1_121' title='bbox 1069 1865 1119 1914; x_wconf 91' lang='lat' dir='ltr'>dici</span> <span class='ocrx_word' id='word_1_122' title='bbox 1134 1873 1249 1928; x_wconf 85' lang='lat' dir='ltr'>potuere:</span> <span class='ocrx_word' id='word_1_123' title='bbox 1266 1869 1295 1918; x_wconf 90' lang='lat' dir='ltr'>in</span> <span class='ocrx_word' id='word_1_124' title='bbox 1312 1883 1344 1920; x_wconf 85' lang='lat' dir='ltr'>ea</span> 
     </span>
     <span class='ocr_line' id='line_1_15' title="bbox 199 1941 1343 2014; baseline 0.003 -18"><span class='ocrx_word' id='word_1_125' title='bbox 199 1949 289 2014; x_wconf 85' lang='lat' dir='ltr'>speeie.</span> <span class='ocrx_word' id='word_1_126' title='bbox 319 1946 377 1998; x_wconf 75' lang='lat' dir='ltr'>Ciam</span> <span class='ocrx_word' id='word_1_127' title='bbox 401 1945 472 1996; x_wconf 66' lang='lat' dir='ltr'>amul</span> <span class='ocrx_word' id='word_1_128' title='bbox 496 1956 566 1996; x_wconf 87' lang='lat' dir='ltr'>terra</span> <span class='ocrx_word' id='word_1_129' title='bbox 589 1945 661 1995; x_wconf 66' lang='lat' dir='ltr'>umal</span> <span class='ocrx_word' id='word_1_130' title='bbox 685 1946 749 1994; x_wconf 85' lang='lat' dir='ltr'>mari</span> <span class='ocrx_word' id='word_1_131' title='bbox 794 1950 865 1992; x_wconf 84' lang='lat' dir='ltr'>erana</span> <span class='ocrx_word' id='word_1_132' title='bbox 889 1941 1006 1990; x_wconf 84' lang='lat' dir='ltr'>siluarum</span> <span class='ocrx_word' id='word_1_133' title='bbox 1022 1959 1052 1992; x_wconf 90' lang='lat' dir='ltr'>ac</span> <span class='ocrx_word' id='word_1_134' title='bbox 1068 1946 1181 1995; x_wconf 84' lang='lat' dir='ltr'>montium</span> <span class='ocrx_word' id='word_1_135' title='bbox 1194 1949 1343 2014; x_wconf 82' lang='lat' dir='ltr'>profunda,</span> 
     </span>
     <span class='ocr_line' id='line_1_16' title="bbox 201 2021 1345 2093; baseline 0.003 -16"><span class='ocrx_word' id='word_1_136' title='bbox 201 2028 287 2079; x_wconf 86' lang='lat' dir='ltr'>bellum</span> <span class='ocrx_word' id='word_1_137' title='bbox 303 2028 453 2093; x_wconf 83' lang='lat' dir='ltr'>impellitur,</span> <span class='ocrx_word' id='word_1_138' title='bbox 471 2043 501 2076; x_wconf 90' lang='lat' dir='ltr'>ac</span> <span class='ocrx_word' id='word_1_139' title='bbox 518 2042 593 2093; x_wconf 85' lang='lat' dir='ltr'>saepe</span> <span class='ocrx_word' id='word_1_140' title='bbox 612 2026 696 2076; x_wconf 78' lang='lat' dir='ltr'>iisdem</span> <span class='ocrx_word' id='word_1_141' title='bbox 709 2043 749 2076; x_wconf 90' lang='lat' dir='ltr'>ca·</span> <span class='ocrx_word' id='word_1_142' title='bbox 793 2024 864 2072; x_wconf 88' lang='lat' dir='ltr'>utin</span> <span class='ocrx_word' id='word_1_143' title='bbox 883 2021 985 2074; x_wconf 78' lang='lat' dir='ltr'>Oceano</span> <span class='ocrx_word' id='word_1_144' title='bbox 1002 2031 1170 2088; x_wconf 69' lang='lat' dir='ltr'>tempestatum</span> <span class='ocrx_word' id='word_1_145' title='bbox 1185 2029 1345 2092; x_wconf 82' lang='lat' dir='ltr'>acstuctnum</span> 
     </span>
     <span class='ocr_line' id='line_1_17' title="bbox 199 2103 1345 2174; baseline 0 -16"><span class='ocrx_word' id='word_1_146' title='bbox 199 2110 261 2158; x_wconf 85' lang='lat' dir='ltr'>stris</span> <span class='ocrx_word' id='word_1_147' title='bbox 273 2109 351 2173; x_wconf 86' lang='lat' dir='ltr'>pedes</span> <span class='ocrx_word' id='word_1_148' title='bbox 367 2125 487 2172; x_wconf 79' lang='lat' dir='ltr'>equesque</span> <span class='ocrx_word' id='word_1_149' title='bbox 504 2117 528 2157; x_wconf 90' lang='lat' dir='ltr'>et</span> <span class='ocrx_word' id='word_1_150' title='bbox 544 2109 658 2158; x_wconf 82' lang='lat' dir='ltr'>nauticus</span> <span class='ocrx_word' id='word_1_151' title='bbox 673 2109 748 2169; x_wconf 84' lang='lat' dir='ltr'>miles,</span> <span class='ocrx_word' id='word_1_152' title='bbox 794 2103 908 2153; x_wconf 68' lang='lat' dir='ltr'>adversa·</span> <span class='ocrx_word' id='word_1_153' title='bbox 934 2104 1006 2153; x_wconf 75' lang='lat' dir='ltr'>Haec</span> <span class='ocrx_word' id='word_1_154' title='bbox 1023 2105 1150 2168; x_wconf 74' lang='lat' dir='ltr'>eleganter</span> <span class='ocrx_word' id='word_1_155' title='bbox 1165 2109 1213 2158; x_wconf 88' lang='lat' dir='ltr'>sibi</span> <span class='ocrx_word' id='word_1_156' title='bbox 1228 2125 1272 2172; x_wconf 89' lang='lat' dir='ltr'>per</span> <span class='ocrx_word' id='word_1_157' title='bbox 1287 2127 1345 2174; x_wconf 68' lang='lat' dir='ltr'>par:</span> 
     </span>
    </p>
   </div>
   <div class='ocr_carea' id='block_1_5' title="bbox 194 2189 749 3465">
    <p class='ocr_par' dir='ltr' id='par_1_5' title="bbox 194 2189 749 3465">
     <span class='ocr_line' id='line_1_18' title="bbox 200 2189 749 2254; baseline 0 -16"><span class='ocrx_word' id='word_1_158' title='bbox 200 2189 271 2239; x_wconf 74' lang='lat' dir='ltr'>misti</span> <span class='ocrx_word' id='word_1_159' title='bbox 295 2189 373 2254; x_wconf 79' lang='lat' dir='ltr'>copiis</span> <span class='ocrx_word' id='word_1_160' title='bbox 397 2197 421 2237; x_wconf 90' lang='lat' dir='ltr'>et</span> <span class='ocrx_word' id='word_1_161' title='bbox 446 2189 558 2248; x_wconf 83' lang='lat' dir='ltr'>laetitia,</span> <span class='ocrx_word' id='word_1_162' title='bbox 584 2205 630 2238; x_wconf 88' lang='lat' dir='ltr'>sua</span> <span class='ocrx_word' id='word_1_163' title='bbox 647 2189 749 2253; x_wconf 80' lang='lat' dir='ltr'>quisque</span> 
     </span>
     <span class='ocr_line' id='line_1_19' title="bbox 194 2268 749 2335; baseline 0 -17"><span class='ocrx_word' id='word_1_164' title='bbox 194 2273 288 2335; x_wconf 86' lang='lat' dir='ltr'>sacta,</span> <span class='ocrx_word' id='word_1_165' title='bbox 305 2285 362 2318; x_wconf 84' lang='lat' dir='ltr'>suos</span> <span class='ocrx_word' id='word_1_166' title='bbox 378 2285 451 2317; x_wconf 88' lang='lat' dir='ltr'>casus</span> <span class='ocrx_word' id='word_1_167' title='bbox 468 2268 620 2328; x_wconf 80' lang='lat' dir='ltr'>attollerent,</span> <span class='ocrx_word' id='word_1_168' title='bbox 638 2285 669 2318; x_wconf 89' lang='lat' dir='ltr'>ac</span> <span class='ocrx_word' id='word_1_169' title='bbox 681 2269 749 2318; x_wconf 85' lang='lat' dir='ltr'>modo</span> 
     </span>
     <span class='ocr_line' id='line_1_20' title="bbox 199 2349 749 2415; baseline -0.002 -15"><span class='ocrx_word' id='word_1_170' title='bbox 199 2351 316 2400; x_wconf 61' lang='lat' dir='ltr'>ulnarum</span> <span class='ocrx_word' id='word_1_171' title='bbox 341 2366 371 2400; x_wconf 92' lang='lat' dir='ltr'>ac</span> <span class='ocrx_word' id='word_1_172' title='bbox 396 2349 508 2398; x_wconf 83' lang='lat' dir='ltr'>montium</span> <span class='ocrx_word' id='word_1_173' title='bbox 522 2349 664 2415; x_wconf 67' lang='lat' dir='ltr'>masnada,</span> <span class='ocrx_word' id='word_1_174' title='bbox 681 2349 749 2399; x_wconf 87' lang='lat' dir='ltr'>modo</span> 
     </span>
     <span class='ocr_line' id='line_1_21' title="bbox 202 2430 749 2498; baseline -0.004 -16"><span class='ocrx_word' id='word_1_175' title='bbox 202 2439 371 2498; x_wconf 82' lang='lat' dir='ltr'>tempestatum</span> <span class='ocrx_word' id='word_1_176' title='bbox 386 2447 417 2480; x_wconf 91' lang='lat' dir='ltr'>ac</span> <span class='ocrx_word' id='word_1_177' title='bbox 427 2431 551 2493; x_wconf 87' lang='lat' dir='ltr'>fluctuum</span> <span class='ocrx_word' id='word_1_178' title='bbox 567 2430 672 2480; x_wconf 84' lang='lat' dir='ltr'>aduersa</span> <span class='ocrx_word' id='word_1_179' title='bbox 679 2469 686 2492; x_wconf 90' lang='lat'>,</span> <span class='ocrx_word' id='word_1_180' title='bbox 695 2430 749 2480; x_wconf 83' lang='lat' dir='ltr'>ltine</span> 
     </span>
     <span class='ocr_line' id='line_1_22' title="bbox 201 2509 748 2572; baseline -0.002 -10"><span class='ocrx_word' id='word_1_181' title='bbox 201 2522 272 2562; x_wconf 84' lang='lat' dir='ltr'>terra</span> <span class='ocrx_word' id='word_1_182' title='bbox 297 2521 320 2560; x_wconf 86' lang='lat' dir='ltr'>et</span> <span class='ocrx_word' id='word_1_183' title='bbox 344 2511 434 2572; x_wconf 82' lang='lat' dir='ltr'>bostis,</span> <span class='ocrx_word' id='word_1_184' title='bbox 460 2511 515 2560; x_wconf 78' lang='lat' dir='ltr'>ltine</span> <span class='ocrx_word' id='word_1_185' title='bbox 539 2512 618 2562; x_wconf 83' lang='lat' dir='ltr'>uictus</span> <span class='ocrx_word' id='word_1_186' title='bbox 640 2509 748 2561; x_wconf 84' lang='lat' dir='ltr'>Oceanus</span> 
     </span>
     <span class='ocr_line' id='line_1_23' title="bbox 200 2591 748 2657; baseline 0 -15"><span class='ocrx_word' id='word_1_187' title='bbox 200 2592 305 2642; x_wconf 82' lang='lat' dir='ltr'>militari</span> <span class='ocrx_word' id='word_1_188' title='bbox 320 2592 442 2640; x_wconf 82' lang='lat' dir='ltr'>iactantia</span> <span class='ocrx_word' id='word_1_189' title='bbox 458 2601 658 2656; x_wconf 84' lang='lat' dir='ltr'>compararentur</span> <span class='ocrx_word' id='word_1_190' title='bbox 675 2591 748 2657; x_wconf 81' lang='lat' dir='ltr'>(th-</span> 
     </span>
     <span class='ocr_line' id='line_1_24' title="bbox 200 2674 748 2738; baseline -0.002 -15"><span class='ocrx_word' id='word_1_191' title='bbox 200 2683 286 2724; x_wconf 87' lang='lat' dir='ltr'>tannos</span> <span class='ocrx_word' id='word_1_192' title='bbox 311 2687 418 2735; x_wconf 84' lang='lat' dir='ltr'>quoque,</span> <span class='ocrx_word' id='word_1_193' title='bbox 444 2679 472 2720; x_wconf 91' lang='lat' dir='ltr'>ut</span> <span class='ocrx_word' id='word_1_194' title='bbox 496 2687 526 2720; x_wconf 81' lang='lat' dir='ltr'>ex</span> <span class='ocrx_word' id='word_1_195' title='bbox 542 2674 648 2738; x_wconf 82' lang='lat' dir='ltr'>captivis</span> <span class='ocrx_word' id='word_1_196' title='bbox 664 2674 748 2723; x_wconf 83' lang='lat' dir='ltr'>audie·</span> 
     </span>
     <span class='ocr_line' id='line_1_25' title="bbox 201 2751 747 2817; baseline -0.002 -13"><span class='ocrx_word' id='word_1_197' title='bbox 201 2757 287 2814; x_wconf 85' lang='lat' dir='ltr'>batur,</span> <span class='ocrx_word' id='word_1_198' title='bbox 296 2753 351 2801; x_wconf 79' lang='lat' dir='ltr'>msa</span> <span class='ocrx_word' id='word_1_199' title='bbox 358 2751 447 2801; x_wconf 84' lang='lat' dir='ltr'>classis</span> <span class='ocrx_word' id='word_1_200' title='bbox 455 2754 679 2817; x_wconf 80' lang='lat' dir='ltr'>obstupefaciebat,</span> <span class='ocrx_word' id='word_1_201' title='bbox 690 2763 747 2804; x_wconf 89' lang='lat' dir='ltr'>tam-</span> 
     </span>
     <span class='ocr_line' id='line_1_26' title="bbox 202 2833 748 2901; baseline 0 -17"><span class='ocrx_word' id='word_1_202' title='bbox 202 2852 274 2901; x_wconf 89' lang='lat' dir='ltr'>quam</span> <span class='ocrx_word' id='word_1_203' title='bbox 290 2842 378 2900; x_wconf 86' lang='lat' dir='ltr'>aperto</span> <span class='ocrx_word' id='word_1_204' title='bbox 394 2833 470 2882; x_wconf 86' lang='lat' dir='ltr'>maris</span> <span class='ocrx_word' id='word_1_205' title='bbox 486 2833 526 2882; x_wconf 79' lang='lat' dir='ltr'>mi</span> <span class='ocrx_word' id='word_1_206' title='bbox 539 2834 748 2884; x_wconf 87' lang='lat' dir='ltr'>secretoultlmum</span> 
     </span>
     <span class='ocr_line' id='line_1_27' title="bbox 200 2912 747 2980; baseline -0.004 -14"><span class='ocrx_word' id='word_1_207' title='bbox 200 2917 273 2966; x_wconf 81' lang='lat' dir='ltr'>uictis</span> <span class='ocrx_word' id='word_1_208' title='bbox 285 2915 433 2980; x_wconf 85' lang='lat' dir='ltr'>persuqium</span> <span class='ocrx_word' id='word_1_209' title='bbox 445 2912 613 2980; x_wconf 76' lang='lat' dir='ltr'>clauderetur)</span> <span class='ocrx_word' id='word_1_210' title='bbox 623 2914 747 2964; x_wconf 80' lang='lat' dir='ltr'>admanm</span> 
     </span>
     <span class='ocr_line' id='line_1_28' title="bbox 202 2994 747 3061; baseline -0.002 -14"><span class='ocrx_word' id='word_1_211' title='bbox 202 3007 226 3048; x_wconf 88' lang='lat' dir='ltr'>et</span> <span class='ocrx_word' id='word_1_212' title='bbox 243 3013 313 3046; x_wconf 89' lang='lat' dir='ltr'>arma</span> <span class='ocrx_word' id='word_1_213' title='bbox 330 2997 439 3045; x_wconf 85' lang='lat' dir='ltr'>conuersi</span> <span class='ocrx_word' id='word_1_214' title='bbox 453 2994 616 3054; x_wconf 79' lang='lat' dir='ltr'>Caledoniam,</span> <span class='ocrx_word' id='word_1_215' title='bbox 625 3012 662 3061; x_wconf 91' lang='lat' dir='ltr'>sq.</span> <span class='ocrx_word' id='word_1_216' title='bbox 681 2997 747 3046; x_wconf 91' lang='lat' dir='ltr'>Mihi</span> 
     </span>
     <span class='ocr_line' id='line_1_29' title="bbox 200 3077 748 3143; baseline -0.007 -13"><span class='ocrx_word' id='word_1_217' title='bbox 200 3077 748 3143; x_wconf 84' lang='lat' dir='ltr'>longiusearerborumcomprebensioducta</span> 
     </span>
     <span class='ocr_line' id='line_1_30' title="bbox 200 3157 747 3221; baseline -0.005 -11"><span class='ocrx_word' id='word_1_218' title='bbox 200 3160 313 3218; x_wconf 81' lang='lat' dir='ltr'>videtur,</span> <span class='ocrx_word' id='word_1_219' title='bbox 330 3173 407 3221; x_wconf 87' lang='lat' dir='ltr'>quam</span> <span class='ocrx_word' id='word_1_220' title='bbox 422 3165 450 3206; x_wconf 88' lang='lat' dir='ltr'>ut</span> <span class='ocrx_word' id='word_1_221' title='bbox 468 3159 557 3207; x_wconf 87' lang='lat' dir='ltr'>Tacito</span> <span class='ocrx_word' id='word_1_222' title='bbox 573 3159 689 3207; x_wconf 85' lang='lat' dir='ltr'>tribuam.</span> <span class='ocrx_word' id='word_1_223' title='bbox 699 3157 747 3207; x_wconf 87' lang='lat' dir='ltr'>Ra·</span> 
     </span>
     <span class='ocr_line' id='line_1_31' title="bbox 199 3239 747 3302; baseline -0.005 -13"><span class='ocrx_word' id='word_1_224' title='bbox 199 3241 298 3289; x_wconf 76' lang='lat' dir='ltr'>sissima</span> <span class='ocrx_word' id='word_1_225' title='bbox 314 3239 340 3287; x_wconf 92' lang='lat' dir='ltr'>in</span> <span class='ocrx_word' id='word_1_226' title='bbox 358 3253 388 3287; x_wconf 93' lang='lat' dir='ltr'>eo</span> <span class='ocrx_word' id='word_1_227' title='bbox 403 3239 511 3302; x_wconf 87' lang='lat' dir='ltr'>reperias</span> <span class='ocrx_word' id='word_1_228' title='bbox 527 3239 643 3300; x_wconf 85' lang='lat' dir='ltr'>exempla</span> <span class='ocrx_word' id='word_1_229' title='bbox 658 3239 747 3301; x_wconf 82' lang='lat' dir='ltr'>apode-</span> 
     </span>
     <span class='ocr_line' id='line_1_32' title="bbox 201 3317 748 3378; baseline -0.007 -8"><span class='ocrx_word' id='word_1_230' title='bbox 201 3321 235 3370; x_wconf 88' lang='lat' dir='ltr'>sis</span> <span class='ocrx_word' id='word_1_231' title='bbox 259 3326 380 3378; x_wconf 84' lang='lat' dir='ltr'>remotae,</span> <span class='ocrx_word' id='word_1_232' title='bbox 407 3325 434 3366; x_wconf 93' lang='lat' dir='ltr'>ut</span> <span class='ocrx_word' id='word_1_233' title='bbox 459 3318 516 3367; x_wconf 86' lang='lat' dir='ltr'>talis</span> <span class='ocrx_word' id='word_1_234' title='bbox 541 3317 648 3366; x_wconf 89' lang='lat' dir='ltr'>nullum.</span> <span class='ocrx_word' id='word_1_235' title='bbox 683 3317 748 3367; x_wconf 85' lang='lat' dir='ltr'>Cou-</span> 
     </span>
     <span class='ocr_line' id='line_1_33' title="bbox 200 3388 748 3465; baseline -0.015 -13"><span class='ocrx_word' id='word_1_236' title='bbox 200 3408 269 3453; x_wconf 88' lang='lat' dir='ltr'>stans</span> <span class='ocrx_word' id='word_1_237' title='bbox 286 3407 312 3451; x_wconf 86' lang='lat' dir='ltr'>et</span> <span class='ocrx_word' id='word_1_238' title='bbox 327 3406 445 3465; x_wconf 84' lang='lat' dir='ltr'>perpetua</span> <span class='ocrx_word' id='word_1_239' title='bbox 452 3397 575 3449; x_wconf 86' lang='lat' dir='ltr'>scribendi</span> <span class='ocrx_word' id='word_1_240' title='bbox 582 3388 748 3457; x_wconf 79' lang='lat' dir='ltr'>consuetudo,</span> 
     </span>
    </p>
   </div>
   <div class='ocr_carea' id='block_1_6' title="bbox 791 2187 1344 3454">
    <p class='ocr_par' dir='ltr' id='par_1_6' title="bbox 791 2187 1344 3454">
     <span class='ocr_line' id='line_1_34' title="bbox 794 2187 1344 2254; baseline 0.016 -21"><span class='ocrx_word' id='word_1_241' title='bbox 794 2193 831 2234; x_wconf 85' lang='lat' dir='ltr'>tes</span> <span class='ocrx_word' id='word_1_242' title='bbox 856 2187 971 2248; x_wconf 85' lang='lat' dir='ltr'>aequales</span> <span class='ocrx_word' id='word_1_243' title='bbox 995 2188 1152 2249; x_wconf 77' lang='lat' dir='ltr'>respondent,</span> <span class='ocrx_word' id='word_1_244' title='bbox 1176 2189 1254 2254; x_wconf 84' lang='lat' dir='ltr'>Sequi</span> <span class='ocrx_word' id='word_1_245' title='bbox 1269 2193 1344 2242; x_wconf 85' lang='lat' dir='ltr'>debe·</span> 
     </span>
     <span class='ocr_line' id='line_1_35' title="bbox 794 2267 1344 2334; baseline 0.013 -18"><span class='ocrx_word' id='word_1_246' title='bbox 794 2267 837 2316; x_wconf 82' lang='lat' dir='ltr'>bat</span> <span class='ocrx_word' id='word_1_247' title='bbox 861 2267 950 2315; x_wconf 89' lang='lat' dir='ltr'>similis</span> <span class='ocrx_word' id='word_1_248' title='bbox 974 2268 1161 2329; x_wconf 84' lang='lat' dir='ltr'>convenientia,</span> <span class='ocrx_word' id='word_1_249' title='bbox 1186 2271 1230 2320; x_wconf 89' lang='lat' dir='ltr'>ubi</span> <span class='ocrx_word' id='word_1_250' title='bbox 1253 2287 1297 2334; x_wconf 92' lang='lat' dir='ltr'>pro</span> <span class='ocrx_word' id='word_1_251' title='bbox 1314 2288 1344 2324; x_wconf 90' lang='lat' dir='ltr'>se</span> 
     </span>
     <span class='ocr_line' id='line_1_36' title="bbox 793 2348 1342 2412; baseline 0.015 -18"><span class='ocrx_word' id='word_1_252' title='bbox 793 2348 897 2410; x_wconf 88' lang='lat' dir='ltr'>quisque</span> <span class='ocrx_word' id='word_1_253' title='bbox 930 2348 1005 2395; x_wconf 85' lang='lat' dir='ltr'>iactat</span> <span class='ocrx_word' id='word_1_254' title='bbox 1027 2348 1161 2412; x_wconf 71' lang='lat' dir='ltr'>profunda</span> <span class='ocrx_word' id='word_1_255' title='bbox 1185 2358 1211 2400; x_wconf 89' lang='lat' dir='ltr'>et</span> <span class='ocrx_word' id='word_1_256' title='bbox 1234 2351 1342 2402; x_wconf 64' lang='lat' dir='ltr'>maereo</span> 
     </span>
     <span class='ocr_line' id='line_1_37' title="bbox 794 2427 1342 2490; baseline 0.015 -14"><span class='ocrx_word' id='word_1_257' title='bbox 794 2442 846 2477; x_wconf 88' lang='lat' dir='ltr'>esse</span> <span class='ocrx_word' id='word_1_258' title='bbox 863 2435 984 2490; x_wconf 86' lang='lat' dir='ltr'>superata.</span> <span class='ocrx_word' id='word_1_259' title='bbox 1002 2427 1098 2478; x_wconf 90' lang='lat' dir='ltr'>Similis</span> <span class='ocrx_word' id='word_1_260' title='bbox 1107 2433 1278 2482; x_wconf 85' lang='lat' dir='ltr'>convenientia</span> <span class='ocrx_word' id='word_1_261' title='bbox 1286 2449 1342 2484; x_wconf 86' lang='lat' dir='ltr'>non</span> 
     </span>
     <span class='ocr_line' id='line_1_38' title="bbox 794 2509 1343 2564; baseline 0.009 -5"><span class='ocrx_word' id='word_1_262' title='bbox 794 2516 838 2559; x_wconf 88' lang='lat' dir='ltr'>est.</span> <span class='ocrx_word' id='word_1_263' title='bbox 862 2511 931 2558; x_wconf 89' lang='lat' dir='ltr'>Nam</span> <span class='ocrx_word' id='word_1_264' title='bbox 949 2518 1018 2558; x_wconf 88' lang='lat' dir='ltr'>terra</span> <span class='ocrx_word' id='word_1_265' title='bbox 1034 2519 1057 2560; x_wconf 90' lang='lat' dir='ltr'>et</span> <span class='ocrx_word' id='word_1_266' title='bbox 1074 2509 1150 2559; x_wconf 79' lang='lat' dir='ltr'>bostis</span> <span class='ocrx_word' id='word_1_267' title='bbox 1179 2541 1200 2548; x_wconf 99' lang='lat'>-</span> <span class='ocrx_word' id='word_1_268' title='bbox 1216 2519 1241 2561; x_wconf 90' lang='lat' dir='ltr'>et</span> <span class='ocrx_word' id='word_1_269' title='bbox 1255 2540 1289 2550; x_wconf 86' lang='lat'>-</span> <span class='ocrx_word' id='word_1_270' title='bbox 1304 2516 1343 2564; x_wconf 81' lang='grc' dir='ltr'>υἰ-</span> 
     </span>
     <span class='ocr_line' id='line_1_39' title="bbox 793 2587 1341 2660; baseline 0.016 -23"><span class='ocrx_word' id='word_1_271' title='bbox 793 2599 846 2638; x_wconf 90' lang='lat' dir='ltr'>ctus</span> <span class='ocrx_word' id='word_1_272' title='bbox 869 2587 978 2638; x_wconf 86' lang='lat' dir='ltr'>Oceanus</span> <span class='ocrx_word' id='word_1_273' title='bbox 994 2606 1045 2639; x_wconf 87' lang='lat' dir='ltr'>uon</span> <span class='ocrx_word' id='word_1_274' title='bbox 1061 2591 1341 2660; x_wconf 80' lang='lat' dir='ltr'>habentpatteseequa·</span> 
     </span>
     <span class='ocr_line' id='line_1_40' title="bbox 792 2671 1342 2734; baseline 0.013 -15"><span class='ocrx_word' id='word_1_275' title='bbox 792 2671 836 2720; x_wconf 88' lang='lat' dir='ltr'>les.</span> <span class='ocrx_word' id='word_1_276' title='bbox 863 2672 1011 2734; x_wconf 83' lang='lat' dir='ltr'>Lugendum</span> <span class='ocrx_word' id='word_1_277' title='bbox 1035 2673 1109 2734; x_wconf 68' lang='lat' dir='ltr'>puto}</span> <span class='ocrx_word' id='word_1_278' title='bbox 1135 2672 1189 2722; x_wconf 81' lang='lat' dir='ltr'>ltine</span> <span class='ocrx_word' id='word_1_279' title='bbox 1206 2676 1342 2726; x_wconf 84' lang='lat' dir='ltr'>territatus</span> 
     </span>
     <span class='ocr_line' id='line_1_41' title="bbox 792 2750 1343 2810; baseline 0.018 -12"><span class='ocrx_word' id='word_1_280' title='bbox 792 2750 882 2810; x_wconf 73' lang='lat' dir='ltr'>bosus,</span> <span class='ocrx_word' id='word_1_281' title='bbox 907 2751 962 2800; x_wconf 73' lang='lat' dir='ltr'>lunc</span> <span class='ocrx_word' id='word_1_282' title='bbox 984 2751 1063 2801; x_wconf 83' lang='lat' dir='ltr'>victus</span> <span class='ocrx_word' id='word_1_283' title='bbox 1093 2752 1208 2804; x_wconf 77' lang='lat' dir='ltr'>Oceamce.</span> <span class='ocrx_word' id='word_1_284' title='bbox 1239 2757 1343 2809; x_wconf 86' lang='lat' dir='ltr'>Milites</span> 
     </span>
     <span class='ocr_line' id='line_1_42' title="bbox 791 2831 1340 2902; baseline 0.015 -23"><span class='ocrx_word' id='word_1_285' title='bbox 791 2831 929 2880; x_wconf 84' lang='lat' dir='ltr'>iactabant:</span> <span class='ocrx_word' id='word_1_286' title='bbox 954 2833 1037 2883; x_wconf 86' lang='lat' dir='ltr'>hostes</span> <span class='ocrx_word' id='word_1_287' title='bbox 1060 2835 1166 2884; x_wconf 83' lang='lat' dir='ltr'>temitati</span> <span class='ocrx_word' id='word_1_288' title='bbox 1189 2837 1230 2886; x_wconf 81' lang='lat' dir='ltr'>uel</span> <span class='ocrx_word' id='word_1_289' title='bbox 1250 2838 1340 2902; x_wconf 79' lang='lat' dir='ltr'>adspe-</span> 
     </span>
     <span class='ocr_line' id='line_1_43' title="bbox 791 2915 1340 2969; baseline 0.015 -9"><span class='ocrx_word' id='word_1_290' title='bbox 791 2918 859 2961; x_wconf 90' lang='lat' dir='ltr'>ctum</span> <span class='ocrx_word' id='word_1_291' title='bbox 876 2920 988 2963; x_wconf 80' lang='lat' dir='ltr'>noenum</span> <span class='ocrx_word' id='word_1_292' title='bbox 1004 2915 1124 2965; x_wconf 73' lang='lat' dir='ltr'>susunere</span> <span class='ocrx_word' id='word_1_293' title='bbox 1141 2917 1195 2966; x_wconf 87' lang='lat' dir='ltr'>ausi</span> <span class='ocrx_word' id='word_1_294' title='bbox 1210 2927 1340 2969; x_wconf 82' lang='lat' dir='ltr'>nonsart.</span> 
     </span>
     <span class='ocr_line' id='line_1_44' title="bbox 793 2992 1340 3062; baseline 0.016 -20"><span class='ocrx_word' id='word_1_295' title='bbox 793 2992 920 3043; x_wconf 86' lang='lat' dir='ltr'>Classiarii</span> <span class='ocrx_word' id='word_1_296' title='bbox 933 2994 1071 3045; x_wconf 83' lang='lat' dir='ltr'>iactabant:</span> <span class='ocrx_word' id='word_1_297' title='bbox 1088 3012 1148 3056; x_wconf 89' lang='lat' dir='ltr'>noe,</span> <span class='ocrx_word' id='word_1_298' title='bbox 1165 3001 1232 3062; x_wconf 86' lang='lat' dir='ltr'>quod</span> <span class='ocrx_word' id='word_1_299' title='bbox 1246 3001 1340 3062; x_wconf 71' lang='lat' dir='ltr'>muns,</span> 
     </span>
     <span class='ocr_line' id='line_1_45' title="bbox 792 3075 1342 3132; baseline 0.016 -9"><span class='ocrx_word' id='word_1_300' title='bbox 792 3076 897 3124; x_wconf 81' lang='lat' dir='ltr'>vicimus</span> <span class='ocrx_word' id='word_1_301' title='bbox 924 3075 1060 3126; x_wconf 77' lang='lat' dir='ltr'>Oceanum.</span> <span class='ocrx_word' id='word_1_302' title='bbox 1086 3078 1182 3128; x_wconf 88' lang='lat' dir='ltr'>Milites</span> <span class='ocrx_word' id='word_1_303' title='bbox 1207 3081 1241 3130; x_wconf 85' lang='lat' dir='ltr'>ita</span> <span class='ocrx_word' id='word_1_304' title='bbox 1256 3082 1342 3132; x_wconf 70' lang='lat' dir='ltr'>Maera</span> 
     </span>
     <span class='ocr_line' id='line_1_46' title="bbox 791 3155 1342 3226; baseline 0.013 -21"><span class='ocrx_word' id='word_1_305' title='bbox 791 3155 892 3205; x_wconf 71' lang='lat' dir='ltr'>tacimus</span> <span class='ocrx_word' id='word_1_306' title='bbox 908 3171 959 3204; x_wconf 86' lang='lat' dir='ltr'>uon</span> <span class='ocrx_word' id='word_1_307' title='bbox 975 3163 1097 3220; x_wconf 89' lang='lat' dir='ltr'>poterant.</span> <span class='ocrx_word' id='word_1_308' title='bbox 1116 3159 1195 3208; x_wconf 86' lang='lat' dir='ltr'>Terra</span> <span class='ocrx_word' id='word_1_309' title='bbox 1211 3162 1279 3210; x_wconf 90' lang='lat' dir='ltr'>enim</span> <span class='ocrx_word' id='word_1_310' title='bbox 1294 3177 1342 3226; x_wconf 90' lang='lat' dir='ltr'>pu-</span> 
     </span>
     <span class='ocr_line' id='line_1_47' title="bbox 793 3239 1343 3305; baseline 0.018 -22"><span class='ocrx_word' id='word_1_311' title='bbox 793 3241 897 3298; x_wconf 84' lang='lat' dir='ltr'>gnatum</span> <span class='ocrx_word' id='word_1_312' title='bbox 921 3251 973 3285; x_wconf 90' lang='lat' dir='ltr'>non</span> <span class='ocrx_word' id='word_1_313' title='bbox 996 3244 1040 3286; x_wconf 90' lang='lat' dir='ltr'>est.</span> <span class='ocrx_word' id='word_1_314' title='bbox 1058 3239 1175 3288; x_wconf 79' lang='lat' dir='ltr'>Britanni</span> <span class='ocrx_word' id='word_1_315' title='bbox 1191 3255 1287 3305; x_wconf 89' lang='lat' dir='ltr'>semper</span> <span class='ocrx_word' id='word_1_316' title='bbox 1301 3257 1343 3294; x_wconf 89' lang='lat' dir='ltr'>re-</span> 
     </span>
     <span class='ocr_line' id='line_1_48' title="bbox 793 3317 1343 3378; baseline 0.02 -15"><span class='ocrx_word' id='word_1_317' title='bbox 793 3322 831 3364; x_wconf 82' lang='lat' dir='ltr'>tro</span> <span class='ocrx_word' id='word_1_318' title='bbox 847 3317 980 3378; x_wconf 87' lang='lat' dir='ltr'>cedebant,</span> <span class='ocrx_word' id='word_1_319' title='bbox 998 3318 1077 3368; x_wconf 82' lang='lat' dir='ltr'>donec</span> <span class='ocrx_word' id='word_1_320' title='bbox 1092 3321 1195 3370; x_wconf 76' lang='lat' dir='ltr'>mndem</span> <span class='ocrx_word' id='word_1_321' title='bbox 1211 3323 1343 3374; x_wconf 76' lang='lat' dir='ltr'>sumanus</span> 
     </span>
     <span class='ocr_line' id='line_1_49' title="bbox 795 3401 1342 3454; baseline 0.018 -9"><span class='ocrx_word' id='word_1_322' title='bbox 795 3403 819 3446; x_wconf 88' lang='lat' dir='ltr'>et</span> <span class='ocrx_word' id='word_1_323' title='bbox 843 3413 913 3447; x_wconf 76' lang='lat' dir='ltr'>mma</span> <span class='ocrx_word' id='word_1_324' title='bbox 936 3401 1049 3448; x_wconf 86' lang='lat' dir='ltr'>conversi</span> <span class='ocrx_word' id='word_1_325' title='bbox 1073 3407 1138 3449; x_wconf 84' lang='lat' dir='ltr'>sunt.</span> <span class='ocrx_word' id='word_1_326' title='bbox 1165 3402 1203 3451; x_wconf 80' lang='lat' dir='ltr'>At</span> <span class='ocrx_word' id='word_1_327' title='bbox 1219 3404 1342 3454; x_wconf 85' lang='lat' dir='ltr'>classiarii</span> 
     </span>
    </p>
   </div>
   <div class='ocr_carea' id='block_1_7' title="bbox 199 3472 1370 4512">
    <p class='ocr_par' dir='ltr' id='par_1_7' title="bbox 199 3472 1370 4512">
     <span class='ocr_line' id='line_1_50' title="bbox 199 3472 1370 3550; baseline 0.001 -16"><span class='ocrx_word' id='word_1_328' title='bbox 199 3499 275 3550; x_wconf 90' lang='lat' dir='ltr'>quam</span> <span class='ocrx_word' id='word_1_329' title='bbox 299 3483 410 3546; x_wconf 85' lang='lat' dir='ltr'>sequitur</span> <span class='ocrx_word' id='word_1_330' title='bbox 435 3487 460 3530; x_wconf 89' lang='lat' dir='ltr'>et</span> <span class='ocrx_word' id='word_1_331' title='bbox 488 3486 568 3539; x_wconf 84' lang='lat' dir='ltr'>amat,</span> <span class='ocrx_word' id='word_1_332' title='bbox 586 3493 690 3528; x_wconf 79' lang='lat' dir='ltr'>nemeae</span> <span class='ocrx_word' id='word_1_333' title='bbox 706 3478 750 3528; x_wconf 88' lang='lat' dir='ltr'>illa</span> <span class='ocrx_word' id='word_1_334' title='bbox 794 3479 826 3526; x_wconf 86' lang='lat' dir='ltr'>de</span> <span class='ocrx_word' id='word_1_335' title='bbox 850 3477 917 3527; x_wconf 79' lang='lat' dir='ltr'>hoste</span> <span class='ocrx_word' id='word_1_336' title='bbox 941 3479 1010 3544; x_wconf 90' lang='lat' dir='ltr'>loqui</span> <span class='ocrx_word' id='word_1_337' title='bbox 1031 3496 1082 3529; x_wconf 90' lang='lat' dir='ltr'>non</span> <span class='ocrx_word' id='word_1_338' title='bbox 1099 3487 1227 3544; x_wconf 84' lang='lat' dir='ltr'>poteraut,</span> <span class='ocrx_word' id='word_1_339' title='bbox 1244 3486 1303 3548; x_wconf 86' lang='lat' dir='ltr'>quia</span> <span class='ocrx_word' id='word_1_340' title='bbox 1319 3486 1343 3535; x_wconf 90' lang='lat' dir='ltr'>is</span> <span class='ocrx_word' id='word_1_341' title='bbox 1367 3472 1370 3477; x_wconf 56' lang='grc'><strong>’</strong></span> 
     </span>
     <span class='ocr_line' id='line_1_51' title="bbox 202 3557 1344 3625; baseline 0.002 -13"><span class='ocrx_word' id='word_1_342' title='bbox 202 3563 310 3613; x_wconf 85' lang='lat' dir='ltr'>brevitas</span> <span class='ocrx_word' id='word_1_343' title='bbox 328 3562 503 3624; x_wconf 69' lang='lat' dir='ltr'>Ctbacydidea,</span> <span class='ocrx_word' id='word_1_344' title='bbox 520 3562 645 3625; x_wconf 85' lang='lat' dir='ltr'>adquam</span> <span class='ocrx_word' id='word_1_345' title='bbox 662 3575 706 3609; x_wconf 88' lang='lat' dir='ltr'>suo</span> <span class='ocrx_word' id='word_1_346' title='bbox 715 3560 749 3624; x_wconf 92' lang='lat' dir='ltr'>ip·</span> <span class='ocrx_word' id='word_1_347' title='bbox 795 3558 859 3606; x_wconf 85' lang='lat' dir='ltr'>meri</span> <span class='ocrx_word' id='word_1_348' title='bbox 874 3574 927 3609; x_wconf 87' lang='lat' dir='ltr'>non</span> <span class='ocrx_word' id='word_1_349' title='bbox 943 3567 1003 3608; x_wconf 86' lang='lat' dir='ltr'>erat.</span> <span class='ocrx_word' id='word_1_350' title='bbox 1025 3557 1155 3610; x_wconf 79' lang='lat' dir='ltr'>Territare</span> <span class='ocrx_word' id='word_1_351' title='bbox 1168 3569 1205 3612; x_wconf 86' lang='lat' dir='ltr'>est</span> <span class='ocrx_word' id='word_1_352' title='bbox 1222 3571 1344 3614; x_wconf 83' lang='lat' dir='ltr'>terrorem</span> 
     </span>
     <span class='ocr_line' id='line_1_52' title="bbox 200 3642 1345 3705; baseline 0 -11"><span class='ocrx_word' id='word_1_353' title='bbox 200 3645 252 3694; x_wconf 88' lang='lat' dir='ltr'>sius</span> <span class='ocrx_word' id='word_1_354' title='bbox 269 3643 370 3705; x_wconf 86' lang='lat' dir='ltr'>ingenio</span> <span class='ocrx_word' id='word_1_355' title='bbox 386 3649 411 3690; x_wconf 86' lang='lat' dir='ltr'>et</span> <span class='ocrx_word' id='word_1_356' title='bbox 427 3642 492 3691; x_wconf 83' lang='lat' dir='ltr'>tristi</span> <span class='ocrx_word' id='word_1_357' title='bbox 507 3655 591 3690; x_wconf 86' lang='lat' dir='ltr'>rerum</span> <span class='ocrx_word' id='word_1_358' title='bbox 603 3647 750 3703; x_wconf 84' lang='lat' dir='ltr'>argumento</span> <span class='ocrx_word' id='word_1_359' title='bbox 790 3642 896 3704; x_wconf 84' lang='lat' dir='ltr'>facere,</span> <span class='ocrx_word' id='word_1_360' title='bbox 920 3649 1026 3701; x_wconf 81' lang='lat' dir='ltr'>terrere,</span> <span class='ocrx_word' id='word_1_361' title='bbox 1043 3647 1071 3689; x_wconf 91' lang='lat' dir='ltr'>ut</span> <span class='ocrx_word' id='word_1_362' title='bbox 1087 3656 1141 3704; x_wconf 86' lang='lat' dir='ltr'>cap.</span> <span class='ocrx_word' id='word_1_363' title='bbox 1159 3647 1199 3691; x_wconf 83' lang='lat'>29.</span> <span class='ocrx_word' id='word_1_364' title='bbox 1218 3648 1258 3693; x_wconf 86' lang='grc'>38.</span> <span class='ocrx_word' id='word_1_365' title='bbox 1276 3643 1345 3694; x_wconf 78' lang='lat' dir='ltr'>besti</span> 
     </span>
     <span class='ocr_line' id='line_1_53' title="bbox 202 3720 1344 3786; baseline 0.001 -14"><span class='ocrx_word' id='word_1_366' title='bbox 202 3723 340 3781; x_wconf 82' lang='lat' dir='ltr'>ferebatur,</span> <span class='ocrx_word' id='word_1_367' title='bbox 365 3725 464 3769; x_wconf 90' lang='lat' dir='ltr'>tantum</span> <span class='ocrx_word' id='word_1_368' title='bbox 488 3721 554 3782; x_wconf 82' lang='lat' dir='ltr'>apud</span> <span class='ocrx_word' id='word_1_369' title='bbox 569 3734 610 3768; x_wconf 90' lang='lat' dir='ltr'>me</span> <span class='ocrx_word' id='word_1_370' title='bbox 626 3721 705 3780; x_wconf 71' lang='lat' dir='ltr'>raim,</span> <span class='ocrx_word' id='word_1_371' title='bbox 721 3728 750 3770; x_wconf 92' lang='lat' dir='ltr'>ut</span> <span class='ocrx_word' id='word_1_372' title='bbox 791 3737 909 3786; x_wconf 81' lang='lat' dir='ltr'>pauorem</span> <span class='ocrx_word' id='word_1_373' title='bbox 939 3720 1050 3780; x_wconf 82' lang='lat' dir='ltr'>iniicere,</span> <span class='ocrx_word' id='word_1_374' title='bbox 1075 3728 1104 3770; x_wconf 90' lang='lat' dir='ltr'>ut</span> <span class='ocrx_word' id='word_1_375' title='bbox 1127 3737 1238 3785; x_wconf 83' lang='lat' dir='ltr'>pugnam</span> <span class='ocrx_word' id='word_1_376' title='bbox 1261 3725 1344 3785; x_wconf 84' lang='lat' dir='ltr'>vitet,</span> 
     </span>
     <span class='ocr_line' id='line_1_54' title="bbox 202 3801 1345 3864; baseline 0.001 -10"><span class='ocrx_word' id='word_1_377' title='bbox 202 3819 259 3854; x_wconf 87' lang='lat' dir='ltr'>rara</span> <span class='ocrx_word' id='word_1_378' title='bbox 282 3802 425 3851; x_wconf 87' lang='lat' dir='ltr'>huiusmodi</span> <span class='ocrx_word' id='word_1_379' title='bbox 445 3802 561 3864; x_wconf 86' lang='lat' dir='ltr'>exempla</span> <span class='ocrx_word' id='word_1_380' title='bbox 584 3801 691 3850; x_wconf 86' lang='lat' dir='ltr'>habeam</span> <span class='ocrx_word' id='word_1_381' title='bbox 711 3816 751 3850; x_wconf 86' lang='lat' dir='ltr'>sn·</span> <span class='ocrx_word' id='word_1_382' title='bbox 795 3817 917 3864; x_wconf 86' lang='lat' dir='ltr'>nusquam</span> <span class='ocrx_word' id='word_1_383' title='bbox 941 3801 1068 3851; x_wconf 85' lang='lat' dir='ltr'>consistat.</span> <span class='ocrx_word' id='word_1_384' title='bbox 1094 3803 1196 3852; x_wconf 86' lang='lat' dir='ltr'>Tacitus</span> <span class='ocrx_word' id='word_1_385' title='bbox 1212 3810 1280 3852; x_wconf 85' lang='lat' dir='ltr'>amat</span> <span class='ocrx_word' id='word_1_386' title='bbox 1294 3804 1345 3855; x_wconf 83' lang='lat' dir='ltr'>sre-</span> 
     </span>
     <span class='ocr_line' id='line_1_55' title="bbox 202 3880 1346 3951; baseline -0.001 -15"><span class='ocrx_word' id='word_1_387' title='bbox 202 3892 292 3951; x_wconf 88' lang='lat' dir='ltr'>spects.</span> <span class='ocrx_word' id='word_1_388' title='bbox 302 3885 426 3946; x_wconf 81' lang='lat' dir='ltr'>Pleraque</span> <span class='ocrx_word' id='word_1_389' title='bbox 434 3889 511 3941; x_wconf 89' lang='lat' dir='ltr'>certe,</span> <span class='ocrx_word' id='word_1_390' title='bbox 520 3897 597 3944; x_wconf 83' lang='lat' dir='ltr'>parva</span> <span class='ocrx_word' id='word_1_391' title='bbox 604 3881 750 3942; x_wconf 88' lang='lat' dir='ltr'>mutatione,</span> <span class='ocrx_word' id='word_1_392' title='bbox 795 3882 946 3947; x_wconf 87' lang='lat' dir='ltr'>quentativs.</span> <span class='ocrx_word' id='word_1_393' title='bbox 969 3880 1014 3930; x_wconf 85' lang='lat' dir='ltr'>An</span> <span class='ocrx_word' id='word_1_394' title='bbox 1032 3882 1149 3931; x_wconf 85' lang='lat' dir='ltr'>territare</span> <span class='ocrx_word' id='word_1_395' title='bbox 1165 3890 1190 3933; x_wconf 89' lang='lat' dir='ltr'>et</span> <span class='ocrx_word' id='word_1_396' title='bbox 1206 3885 1266 3934; x_wconf 86' lang='lat' dir='ltr'>alibi</span> <span class='ocrx_word' id='word_1_397' title='bbox 1281 3899 1346 3936; x_wconf 86' lang='lat' dir='ltr'>usus</span> 
     </span>
     <span class='ocr_line' id='line_1_56' title="bbox 202 3960 1344 4026; baseline 0 -10"><span class='ocrx_word' id='word_1_398' title='bbox 202 3969 234 4016; x_wconf 88' lang='lat' dir='ltr'>ad</span> <span class='ocrx_word' id='word_1_399' title='bbox 250 3966 352 4016; x_wconf 87' lang='lat' dir='ltr'>solitum</span> <span class='ocrx_word' id='word_1_400' title='bbox 369 3964 407 4013; x_wconf 85' lang='lat' dir='ltr'>illi</span> <span class='ocrx_word' id='word_1_401' title='bbox 425 3963 749 4026; x_wconf 87' lang='lat' dir='ltr'>moremrcstituipossuut.</span> <span class='ocrx_word' id='word_1_402' title='bbox 795 3963 840 4021; x_wconf 86' lang='lat' dir='ltr'>sit,</span> <span class='ocrx_word' id='word_1_403' title='bbox 865 3963 961 4025; x_wconf 82' lang='lat' dir='ltr'>ignoro.</span> <span class='ocrx_word' id='word_1_404' title='bbox 988 3960 1040 4011; x_wconf 83' lang='lat' dir='ltr'>Sed</span> <span class='ocrx_word' id='word_1_405' title='bbox 1063 3961 1179 4026; x_wconf 81' lang='lat' dir='ltr'>frequens</span> <span class='ocrx_word' id='word_1_406' title='bbox 1203 3965 1282 4014; x_wconf 82' lang='lat' dir='ltr'>utitur</span> <span class='ocrx_word' id='word_1_407' title='bbox 1298 3966 1344 4016; x_wconf 89' lang='lat' dir='ltr'>Li-</span> 
     </span>
     <span class='ocr_line' id='line_1_57' title="bbox 237 4042 1345 4107; baseline 0.001 -11"><span class='ocrx_word' id='word_1_408' title='bbox 237 4046 305 4096; x_wconf 83' lang='lat' dir='ltr'>Hinc</span> <span class='ocrx_word' id='word_1_409' title='bbox 339 4054 407 4094; x_wconf 90' lang='lat' dir='ltr'>terra</span> <span class='ocrx_word' id='word_1_410' title='bbox 433 4053 457 4093; x_wconf 93' lang='lat' dir='ltr'>et</span> <span class='ocrx_word' id='word_1_411' title='bbox 482 4043 569 4102; x_wconf 78' lang='lat' dir='ltr'>hostis,</span> <span class='ocrx_word' id='word_1_412' title='bbox 593 4042 648 4092; x_wconf 78' lang='lat' dir='ltr'>irinc</span> <span class='ocrx_word' id='word_1_413' title='bbox 671 4043 750 4092; x_wconf 83' lang='lat' dir='ltr'>uictus</span> <span class='ocrx_word' id='word_1_414' title='bbox 795 4043 996 4092; x_wconf 71' lang='lat' dir='ltr'>muscetanum</span> <span class='ocrx_word' id='word_1_415' title='bbox 1012 4043 1104 4092; x_wconf 90' lang='lat' dir='ltr'>milites</span> <span class='ocrx_word' id='word_1_416' title='bbox 1122 4045 1299 4107; x_wconf 84' lang='lat' dir='ltr'>gloriabundus</span> <span class='ocrx_word' id='word_1_417' title='bbox 1314 4048 1345 4098; x_wconf 87' lang='lat' dir='ltr'>in</span> 
     </span>
     <span class='ocr_line' id='line_1_58' title="bbox 209 4123 1344 4188; baseline 0 -10"><span class='ocrx_word' id='word_1_418' title='bbox 209 4128 325 4178; x_wconf 85' lang='lat' dir='ltr'>Oceanus.</span> <span class='ocrx_word' id='word_1_419' title='bbox 343 4127 375 4175; x_wconf 91' lang='lat' dir='ltr'>In</span> <span class='ocrx_word' id='word_1_420' title='bbox 393 4126 477 4174; x_wconf 83' lang='lat' dir='ltr'>Vatis.</span> <span class='ocrx_word' id='word_1_421' title='bbox 494 4123 581 4173; x_wconf 81' lang='lat' dir='ltr'>uictus.</span> <span class='ocrx_word' id='word_1_422' title='bbox 597 4125 749 4174; x_wconf 86' lang='lat' dir='ltr'>Puteolanus</span> <span class='ocrx_word' id='word_1_423' title='bbox 794 4129 918 4172; x_wconf 86' lang='lat' dir='ltr'>conventu</span> <span class='ocrx_word' id='word_1_424' title='bbox 940 4123 1020 4186; x_wconf 86' lang='lat' dir='ltr'>pingit</span> <span class='ocrx_word' id='word_1_425' title='bbox 1043 4139 1142 4188; x_wconf 90' lang='lat' dir='ltr'>quoque</span> <span class='ocrx_word' id='word_1_426' title='bbox 1168 4127 1262 4175; x_wconf 87' lang='lat' dir='ltr'>Lucan.</span> <span class='ocrx_word' id='word_1_427' title='bbox 1289 4128 1344 4178; x_wconf 88' lang='lat' dir='ltr'>IV.</span> 
     </span>
     <span class='ocr_line' id='line_1_59' title="bbox 203 4201 1345 4272; baseline 0.006 -22"><span class='ocrx_word' id='word_1_428' title='bbox 203 4219 303 4269; x_wconf 64' lang='lat' dir='ltr'>auctus,</span> <span class='ocrx_word' id='word_1_429' title='bbox 323 4209 398 4271; x_wconf 81' lang='lat' dir='ltr'>idque</span> <span class='ocrx_word' id='word_1_430' title='bbox 414 4208 491 4270; x_wconf 86' lang='lat' dir='ltr'>vulgo</span> <span class='ocrx_word' id='word_1_431' title='bbox 508 4207 632 4256; x_wconf 81' lang='lat' dir='ltr'>edebatur.</span> <span class='ocrx_word' id='word_1_432' title='bbox 652 4206 749 4268; x_wconf 77' lang='lat' dir='ltr'>Quibus</span> <span class='ocrx_word' id='word_1_433' title='bbox 797 4207 852 4251; x_wconf 87' lang='grc'><strong>169.</strong></span> <span class='ocrx_word' id='word_1_434' title='bbox 877 4201 939 4251; x_wconf 79' lang='lat' dir='ltr'>Pas</span> <span class='ocrx_word' id='word_1_435' title='bbox 963 4213 1032 4265; x_wconf 85' lang='lat' dir='ltr'>erat,</span> <span class='ocrx_word' id='word_1_436' title='bbox 1057 4213 1080 4254; x_wconf 84' lang='lat' dir='ltr'>et</span> <span class='ocrx_word' id='word_1_437' title='bbox 1096 4205 1164 4254; x_wconf 80' lang='lat' dir='ltr'>neilee</span> <span class='ocrx_word' id='word_1_438' title='bbox 1181 4207 1271 4257; x_wconf 80' lang='lat' dir='ltr'>caetris</span> <span class='ocrx_word' id='word_1_439' title='bbox 1284 4225 1345 4272; x_wconf 88' lang='lat' dir='ltr'>per-</span> 
     </span>
     <span class='ocr_line' id='line_1_60' title="bbox 202 4282 1346 4354; baseline -0.001 -14"><span class='ocrx_word' id='word_1_440' title='bbox 202 4292 283 4340; x_wconf 84' lang='lat' dir='ltr'>modis</span> <span class='ocrx_word' id='word_1_441' title='bbox 300 4291 445 4354; x_wconf 87' lang='lat' dir='ltr'>interpretes</span> <span class='ocrx_word' id='word_1_442' title='bbox 460 4289 509 4337; x_wconf 90' lang='lat' dir='ltr'>hoc</span> <span class='ocrx_word' id='word_1_443' title='bbox 526 4288 650 4351; x_wconf 85' lang='lat' dir='ltr'>explicare</span> <span class='ocrx_word' id='word_1_444' title='bbox 667 4288 749 4337; x_wconf 88' lang='lat' dir='ltr'>conati</span> <span class='ocrx_word' id='word_1_445' title='bbox 794 4283 884 4332; x_wconf 76' lang='lat' dir='ltr'>mistus</span> <span class='ocrx_word' id='word_1_446' title='bbox 900 4285 1011 4348; x_wconf 83' lang='lat' dir='ltr'>utrisque</span> <span class='ocrx_word' id='word_1_447' title='bbox 1029 4282 1159 4335; x_wconf 86' lang='lat' dir='ltr'>Errabat:</span> <span class='ocrx_word' id='word_1_448' title='bbox 1177 4285 1346 4339; x_wconf 84' lang='lat' dir='ltr'>duroconcor-</span> 
     </span>
     <span class='ocr_line' id='line_1_61' title="bbox 204 4364 1347 4434; baseline 0.001 -15"><span class='ocrx_word' id='word_1_449' title='bbox 204 4371 267 4428; x_wconf 87' lang='lat' dir='ltr'>siut‚</span> <span class='ocrx_word' id='word_1_450' title='bbox 290 4384 390 4419; x_wconf 87' lang='lat' dir='ltr'>narrare</span> <span class='ocrx_word' id='word_1_451' title='bbox 406 4385 457 4419; x_wconf 92' lang='lat' dir='ltr'>non</span> <span class='ocrx_word' id='word_1_452' title='bbox 475 4370 572 4419; x_wconf 90' lang='lat' dir='ltr'>attinet.</span> <span class='ocrx_word' id='word_1_453' title='bbox 590 4369 640 4418; x_wconf 91' lang='lat' dir='ltr'>Vel</span> <span class='ocrx_word' id='word_1_454' title='bbox 654 4369 749 4418; x_wconf 82' lang='lat' dir='ltr'>Latini·</span> <span class='ocrx_word' id='word_1_455' title='bbox 795 4364 838 4413; x_wconf 83' lang='lat' dir='ltr'>des</span> <span class='ocrx_word' id='word_1_456' title='bbox 863 4365 953 4430; x_wconf 83' lang='lat' dir='ltr'>cespite</span> <span class='ocrx_word' id='word_1_457' title='bbox 970 4383 1063 4416; x_wconf 87' lang='lat' dir='ltr'>mensas</span> <span class='ocrx_word' id='word_1_458' title='bbox 1080 4365 1230 4428; x_wconf 83' lang='lat' dir='ltr'>Instituunt,</span> <span class='ocrx_word' id='word_1_459' title='bbox 1248 4377 1272 4416; x_wconf 89' lang='lat' dir='ltr'>et</span> <span class='ocrx_word' id='word_1_460' title='bbox 1284 4386 1347 4434; x_wconf 91' lang='lat' dir='ltr'>per-</span> 
     </span>
     <span class='ocr_line' id='line_1_62' title="bbox 204 4445 1350 4512; baseline 0.001 -14"><span class='ocrx_word' id='word_1_461' title='bbox 204 4457 241 4500; x_wconf 86' lang='lat' dir='ltr'>tas</span> <span class='ocrx_word' id='word_1_462' title='bbox 260 4464 310 4498; x_wconf 91' lang='lat' dir='ltr'>nou</span> <span class='ocrx_word' id='word_1_463' title='bbox 327 4450 378 4512; x_wconf 84' lang='lat' dir='ltr'>pati</span> <span class='ocrx_word' id='word_1_464' title='bbox 393 4451 500 4500; x_wconf 85' lang='lat' dir='ltr'>videtur.</span> <span class='ocrx_word' id='word_1_465' title='bbox 520 4450 583 4512; x_wconf 78' lang='lat' dir='ltr'>Quis</span> <span class='ocrx_word' id='word_1_466' title='bbox 600 4449 668 4500; x_wconf 89' lang='lat' dir='ltr'>enim</span> <span class='ocrx_word' id='word_1_467' title='bbox 685 4449 748 4500; x_wconf 87' lang='lat' dir='ltr'>dice·</span> <span class='ocrx_word' id='word_1_468' title='bbox 794 4445 867 4496; x_wconf 77' lang='lat' dir='ltr'>mixto</span> <span class='ocrx_word' id='word_1_469' title='bbox 893 4447 1007 4499; x_wconf 84' lang='lat' dir='ltr'>libamina</span> <span class='ocrx_word' id='word_1_470' title='bbox 1032 4447 1133 4500; x_wconf 87' lang='lat' dir='ltr'>Bacclm</span> <span class='ocrx_word' id='word_1_471' title='bbox 1153 4447 1292 4499; x_wconf 81' lang='lat' dir='ltr'>Gramineis</span> <span class='ocrx_word' id='word_1_472' title='bbox 1310 4449 1350 4500; x_wconf 82' lang='lat' dir='ltr'>lu-</span> 
     </span>
    </p>
   </div>
   <div class='ocr_carea' id='block_1_8' title="bbox 0 0 1574 5308">
    <p class='ocr_par' dir='ltr' id='par_1_8' title="bbox 0 0 1574 5308">
     <span class='ocr_line' id='line_1_63' title="bbox 0 0 1574 5308; baseline 0 0"><span class='ocrx_word' id='word_1_473' title='bbox 0 0 1574 5308; x_wconf 95' lang='lat' dir='ltr'> </span> 
     </span>
    </p>
   </div>
  </div>
 </body>
</html>
