3130 5308
674 525 849 574 rauracus.
886 537 888 544 ¹
1271 514 1332 576 115

180 695 352 763 natorilms
387 693 579 773 ascendere3
617 707 649 760 et
696 716 760 760 uuo
795 695 987 783 remigante,
1023 699 1172 784 suspectis
1204 695 1328 764 duobus

181 823 288 890 eoque
331 800 523 877 interfectis,
569 798 711 865 nondum
748 799 872 888 tulgato
908 821 1034 866 rumore
1069 813 1105 867 ut
1137 801 1330 868 miraculum

181 905 470 996 praerehebantur.
519 905 591 972 lior
626 904 687 970 lrac
717 916 813 992 atque
835 904 891 970 ille
915 906 997 994 rapti
1018 918 1050 971 et
1073 928 1146 972 cum
1169 907 1329 997 plerisque

182 1013 408 1077 Britannorum
442 1031 497 1075 sua
532 1009 764 1076 defensantium
797 1011 919 1100 proelio
955 1012 1131 1099 congressi,
1167 1035 1205 1077 nc
1236 1036 1328 1103 saepe

184 1118 338 1195 victores,
375 1114 546 1203 aliquando
580 1115 680 1204 pulsi,
716 1137 753 1180 eo
777 1114 817 1180 ad
839 1127 1014 1183 extremum
1038 1116 1163 1204 inopiae
1192 1140 1326 1196 reuera,

182 1365 251 1414 rexit
266 1361 733 1428 remiqrante.Wexiunmoriyerante,
780 1361 830 1412 VI.
852 1375 877 1426 p.
904 1366 975 1413 1001.
1001 1359 1153 1427 Defectione
1169 1361 1289 1412 socierum
1304 1371 1330 1412 et

184 1446 322 1496 Mancellus
339 1443 506 1507 rerraviyante.
537 1443 604 1492 Mihi
621 1444 648 1494 in
664 1457 733 1494 rnen·
780 1439 890 1494 Sertorii
909 1458 958 1510 per
974 1452 1066 1494 mentes
1076 1445 1150 1509 suaa
1166 1459 1242 1508 neque
1257 1459 1330 1494 manu

182 1534 236 1576 tem
259 1525 342 1575 venit:
367 1532 392 1572 et
409 1523 567 1587 intersectis,
584 1539 643 1584 ano,
660 1539 733 1574 reme·
780 1533 878 1574 certare
898 1532 1020 1589 pessunt,
1043 1541 1119 1588 neque
1135 1525 1210 1576 utilia
1223 1540 1329 1590 parare.

182 1614 254 1666 ente,
271 1604 428 1668 duobusque,
446 1618 473 1652 ee
490 1604 620 1668 suspectis.
644 1605 734 1655 Unum
778 1605 837 1655 i.e.
855 1608 1027 1670 frumentum,
1045 1621 1106 1656 nam
1129 1608 1274 1671 praecessit:
1287 1607 1329 1657 im·

181 1685 734 1751 gubernatorumstatiminterieeerunt,qnia
775 1694 909 1749 perorares
926 1689 1084 1751 frumentum
1100 1698 1215 1753 poscunt.
1233 1688 1330 1740 Seneca

181 1770 321 1828 remeabat,
335 1768 397 1816 dnos
405 1767 734 1831 moxinterfecerunt,qnia
780 1767 861 1830 Epist.
879 1769 919 1817 st.
943 1765 1058 1818 Canterio
1074 1768 1217 1830 celebatur,
1235 1779 1259 1820 et
1275 1769 1328 1836 trip

181 1855 309 1913 suspectos
341 1848 480 1906 habebant,
506 1853 606 1910 propter
630 1854 733 1898 conetur
776 1847 882 1912 properis
912 1847 1008 1911 quidem
1039 1847 1175 1913 impositis,
1199 1859 1226 1900 ut
1251 1865 1331 1900 aecum

180 1930 270 1988 unius,
295 1929 439 1978 remeantis.
465 1929 535 1991 Ergo
552 1929 578 1977 in
594 1929 673 1978 tribus
691 1929 733 1978 Li·
775 1927 1329 1992 utiliapertaret.AmmianMarcleXXV.

181 2010 293 2061 bur-nicia
309 2011 389 2058 altum
404 2009 510 2072 petiere,
528 2014 553 2058 et
568 2010 734 2072 perpetuatu-
779 2024 804 2073 p.
821 2014 879 2058 321.
896 2007 1041 2072 Absumptis
1049 2009 1168 2070 omnibus,
1178 2025 1240 2074 quae
1247 2011 1331 2083 mandi

180 2093 253 2143 scitia
268 2091 373 2154 regendi
388 2091 548 2150 laborabunt,
561 2105 619 2140 cnm
635 2092 734 2140 nullum
776 2097 909 2154 poterant,
926 2088 1035 2139 utilibus.
1053 2091 1111 2140 Lir.
1130 2093 1197 2142 VII.
1214 2097 1255 2143 26.
1273 2090 1331 2142 Nec

180 2173 303 2223 haberent
319 2173 524 2234 gubernatorem,
542 2171 601 2220 artis
617 2171 733 2233 peritum.
779 2169 820 2220 illi
842 2178 927 2230 terra,
944 2186 985 2220 nec
1001 2169 1129 2222 Romanus
1144 2173 1209 2223 mari
1225 2172 1330 2224 bellator

182 2253 213 2305 Si
229 2268 281 2303 una
297 2253 369 2302 navis
385 2257 532 2312 remeasset,
548 2266 601 2302 non
616 2257 645 2300 nt
661 2253 734 2302 mira
780 2260 843 2302 erat.
870 2250 1012 2313 Postremo,
1038 2269 1112 2318 quum
1133 2253 1247 2304 litoribus
1263 2269 1331 2306 arce·

181 2336 270 2385 amum
296 2334 402 2384 fuissent
418 2332 557 2397 praevecti,
575 2347 656 2396 neque
672 2348 734 2397 opus
779 2343 879 2394 rentur,
897 2349 965 2398 aqua
982 2333 1057 2384 etiam
1069 2343 1174 2399 praeter
1191 2344 1275 2386 cetera
1291 2353 1329 2386 ne·

180 2416 343 2479 matrulgari
351 2415 735 2478 rumoremEtTaoitnseliquirl
780 2415 893 2466 cessarie
917 2415 974 2464 asni
998 2413 1140 2476 deficiente,
1166 2412 1272 2464 Italiam
1291 2431 1329 2464 re·

181 2503 307 2547 narrasset
323 2497 354 2546 de
362 2509 444 2560 poena
452 2496 484 2544 ab
492 2494 683 2558 Usipiisinunu
691 2495 735 2544 illa
780 2495 882 2558 liquere.
907 2494 1016 2543 XXXI.
1033 2499 1075 2545 45.
1092 2493 1147 2544 Per
1164 2511 1239 2560 apros
1243 2495 1332 2561 palati

182 2579 334 2639 Libumiaa,
367 2591 432 2641 qnae
464 2581 611 2634 remeasset,
643 2582 733 2624 sumta.
779 2575 870 2625 milites
880 2577 1046 2640 frumentum,
1064 2575 1125 2626 etsi
1141 2593 1192 2641 qua
1207 2576 1331 2628 aliaueut‘

181 2659 312 2719 Remeam,
327 2664 357 2708 ut
373 2659 469 2708 Annal.
487 2656 554 2706 XII.
575 2660 613 2706 17.
623 2655 734 2704 Nerium
780 2671 833 2706 esse
854 2656 890 2706 ad
904 2655 1045 2706 vescendam
1058 2665 1189 2722 poterant,
1207 2658 1331 2708 adnotes

179 2740 315 2806 quasdam,
333 2755 397 2804 qaae
413 2736 478 2786 mari
493 2738 647 2796 remeabant,
665 2737 691 2787 in
705 2737 733 2786 li·
780 2737 894 2789 retulere.
912 2736 1021 2788 XXIX.
1036 2736 1331 2804 28.Annisprepeqain·

180 2831 240 2872 tore
268 2819 409 2870 Taurorum
433 2817 532 2868 delatas
557 2819 734 2868 circumvenere
780 2820 901 2885 puapinta
924 2818 1015 2868 nullum
1038 2817 1176 2868 Romanum
1199 2822 1332 2872 sancitum

179 2901 297 2961 barbari,
320 2901 456 2966 praesecto
481 2899 588 2950 solertis
606 2908 630 2949 et
643 2899 734 2965 pleris-
778 2899 893 2950 viderant
906 2907 1012 2965 praeter
1024 2899 1206 2964 praedatorias
1222 2901 1329 2963 classes,

179 3000 228 3048 que
245 2981 411 3032 centurionum
427 2981 578 3046 interfectis.
780 2981 867 3045 quibus
885 2979 1052 3028 enscemionet
1069 2979 1095 3028 in
1112 2980 1332 3044 cyrosmuritimos

216 3061 282 3114 Moe
298 3062 344 3112 leae
360 3070 435 3124 atque
451 3059 498 3110 1110
513 3061 593 3126 rapti.
612 3060 655 3110 Sic
667 3061 734 3110 edidi
773 3062 868 3125 sactae
891 3065 982 3106 erant.-
1007 3057 1151 3122 raptisque,
1178 3075 1242 3124 quae
1259 3061 1332 3110 obvia

179 3151 212 3196 ut
235 3145 307 3194 locus
330 3143 418 3192 saltem
438 3142 547 3205 intelligi
562 3147 653 3204 posset.
670 3141 733 3190 Rhe·
779 3158 834 3190 aare
852 3142 972 3206 fecerat,
994 3136 1070 3201 prius
1093 3155 1219 3190 recursum
1235 3157 1330 3208 semper

180 3239 267 3276 nanus
284 3224 332 3272 ista
347 3223 460 3273 effecerat
476 3237 510 3272 ex
528 3223 591 3272 Mss.
608 3222 733 3286 inquibus
779 3225 815 3276 ud
838 3239 926 3283 naues,
951 3220 1132 3288 qucmalamor
1149 3232 1331 3287 0010000000-

179 3307 288 3372 legitur:
313 3321 368 3354 mee
391 3303 427 3354 ad
450 3319 526 3368 aqua.
544 3303 627 3366 Atque
644 3312 671 3353 nt
687 3303 734 3354 illa
779 3308 856 3368 ciret,
870 3308 973 3372 fuerat.
991 3305 1089 3354 Elicere
1106 3304 1169 3353 nihil
1186 3305 1264 3366 sciri,
1281 3305 1331 3356 nisi

180 3389 267 3455 ruptis
283 3402 363 3436 secam
377 3384 513 3450 plerisque.
531 3385 661 3434 Dronkius
674 3401 733 3450 qno·
779 3391 847 3454 quad
871 3394 955 3452 aptam
970 3385 1120 3436 sententiam
1135 3384 1251 3443 haberat,
1267 3391 1331 3435 cete·

180 3484 232 3536 qne
257 3475 282 3518 et
307 3467 435 3518 Beckerns
451 3466 479 3516 in
496 3465 613 3516 Rhenani
631 3468 734 3516 invento
781 3484 839 3518 mm
855 3468 931 3517 nimis
947 3483 963 3516 a
980 3467 1043 3515 Mss.
1060 3464 1330 3514 recedercttvmmor

179 3551 350 3616 acquiescunt.
385 3548 419 3596 Et
450 3546 535 3596 favere
559 3547 659 3596 ridetur
683 3546 734 3596 Dio
780 3548 816 3599 ud
839 3563 930 3612 aquarn
954 3554 1029 3609 atque
1052 3543 1128 3594 utilia
1152 3545 1249 3610 raptis,
1267 3561 1331 3610 quas

183 3633 253 3684 Cosa.
280 3629 386 3680 LXVI.
413 3633 453 3680 20.
479 3629 547 3677 idem
564 3626 661 3676 facinus
678 3641 734 3677 nar·
777 3635 891 3696 possent,
925 3627 996 3676 rebus
1020 3624 1213 3687 Britannorum,
1238 3644 1332 3692 suaque

181 3728 252 3764 rans:
278 3708 509 3775 Ἐξαναχθίντες
542 3705 735 3774 παρέπλευσαν
781 3708 964 3776 defensantium
973 3707 1071 3774 proelio
1086 3709 1254 3773 conpressisq.
1268 3709 1331 3758 For·-

183 3795 219 3844 01
234 3793 304 3860 πρὸς
321 3791 455 3860 tenipus,
474 3790 507 3847 ὥς
524 3803 577 3840 noa
596 3788 628 3838 τό
646 3806 679 3839 τε
692 3790 735 3840 aa·
781 3793 864 3841 mulae
879 3807 919 3840 res
934 3805 1038 3856 rapere,
1055 3789 1194 3854 01001001,
1204 3791 1221 3840 i.
1230 3805 1252 3840 e.
1261 3804 1330 3855 prae·

182 3893 222 3936 aa
240 3873 288 3924 rai
306 3873 320 3922 1
338 3872 436 3932 ἄνεμος
453 3871 657 3940 αὐτούςέφερε.
669 3871 735 3924 Scri·
780 3880 818 3923 ter
834 3889 938 3937 aquam,
956 3879 1030 3922 notae
1047 3879 1117 3920 sunt:
1132 3872 1251 3935 congredi
1255 3886 1330 3935 prae·

180 3967 256 4023 ptura
272 3965 357 4007 temen
374 3957 457 4006 Vatia.
475 3957 507 4004 ad
524 3955 573 4004 alia
589 3957 666 4015 ducit,
675 3967 734 4020 qno·
782 3953 815 4003 lie
831 3953 952 4014 alicuius,
969 3959 997 4001 ut
1013 3951 1105 4002 Iustin.
1122 3952 1188 4002 VH.
1205 3957 1229 4000 8.
1239 3949 1283 4000 Ne
1291 3950 1331 4000 ‹le-

181 4055 240 4090 mm
261 4038 347 4102 inopia
363 4036 472 4102 Usipetii
489 4037 559 4086 brevi
574 4039 733 4097 laborabant,
781 4034 951 4089 honestaretur
972 4031 1070 4098 proelio
1095 4039 1145 4080 tam
1161 4030 1260 4096 foedae
1273 4045 1330 4096 yen-

182 4136 274 4185 aquarn
296 4127 320 4168 et
336 4119 422 4168 eibum
440 4118 472 4165 In
489 4125 517 4166 at
533 4117 579 4168 illa
595 4120 674 4168 latare
687 4117 734 4166 uti·
781 4115 823 4165 tis.
841 4115 938 4164 Multae
954 4115 1049 4164 interea
1062 4112 1168 4161 aliorum
1176 4111 1333 4163 coniecturae

183 4201 220 4251 lia
237 4203 289 4250 iam
301 4201 364 4250 olim
372 4200 534 4248 coniecerum.
544 4199 642 4248 Deinde
651 4213 734 4248 exem·
780 4196 907 4256 feruntur,
923 4210 985 4260 ques
1001 4196 1130 4259 plerasque
1148 4190 1256 4243 Wexius
1272 4205 1331 4241 enu-

182 4284 225 4347 pla
248 4284 373 4347 quaedam
395 4281 526 4340 annotavi,
544 4281 565 4330 si
582 4279 685 4328 fortasse
702 4294 735 4328 ex
780 4277 901 4326 metavit:
927 4291 982 4324 mon
1006 4276 1037 4324 alr
1063 4289 1131 4338 aqna
1147 4271 1193 4322 100
1208 4281 1285 4336 atque
1300 4272 1330 4322 il·

182 4364 214 4414 iis
238 4363 335 4429 aliquid
359 4363 488 4421 elicerem,
509 4363 577 4428 qnod
595 4361 683 4412 Tacito
699 4362 734 4410 di·
782 4358 822 4409 lac
846 4356 930 4422 rapti:
956 4372 1010 4404 mon
1034 4354 1070 4405 ad
1085 4367 1175 4418 aquam
1192 4360 1267 4416 atque
1283 4353 1331 4402 uti·

182 4460 264 4508 gnum
288 4449 425 4498 censeatur.
462 4442 564 4496 Sallust.
591 4442 693 4504 Fragm.
717 4444 734 4492 l.
783 4438 818 4490 lia
842 4437 945 4502 rapturi
969 4451 1061 4498 secun,
1079 4433 1209 4501 plerique.-
1226 4451 1281 4484 moa
1297 4434 1333 4484 ari

1187 4521 1215 4563 15
