3130 5308
646 546 824 594 nunionis.
1244 535 1304 596 rm

206 711 328 780 XXXI.
363 711 493 779 Liberos
529 714 644 802 cuique
668 738 705 780 uo
727 717 921 805 propinquos
946 723 1017 780 suos
1041 729 1153 782 nutura
1177 719 1304 786 carissi.

160 841 232 884 mos
273 839 341 882 esse
377 817 484 883 voluit.
518 818 560 884 Hi
583 842 639 907 per
662 818 804 902 delectus
827 820 903 886 alibi
926 821 1071 886 servituri
1092 821 1301 903 aeserunium

158 924 311 1010 coniuges
354 943 554 1010 sororesque,
596 925 718 990 etiamsi
753 924 898 991 hostilem
934 925 1098 994 libidinem
1130 927 1302 1015 effugient,

158 1028 291 1092 nomine
315 1027 489 1092 amicorum
514 1041 609 1116 utque
632 1029 792 1118 hospitum
811 1031 1008 1118 polluuntur.
1036 1031 1123 1095 Bona
1143 1031 1303 1098 fortunae·

162 1154 227 1220 qne
254 1132 290 1196 in
324 1133 480 1198 tributum
517 1145 723 1222 aggeruntur,
755 1157 856 1200 annus
879 1137 912 1199 in
936 1137 1151 1214 frumentum,
1176 1159 1308 1227 corpora

160 1379 186 1422 le
212 1371 318 1422 celebrat
339 1371 466 1422 Romanm
482 1373 571 1438 ubique
586 1390 710 1435 recessus,
757 1373 914 1426 Aufernntur
935 1373 1064 1435 servituri,
1083 1376 1115 1426 ad
1131 1375 1306 1434 serviendum.

160 1451 328 1516 Parisiosque
362 1453 428 1517 qerit
452 1454 531 1504 libera
555 1455 619 1505 colia
644 1456 709 1520 inqu.
756 1458 879 1515 servitum,
888 1463 916 1505 nt
926 1456 1018 1519 virgil.
1029 1456 1097 1506 Aen.
1107 1457 1146 1505 II.
1158 1458 1214 1506 786.
1227 1454 1306 1507 Grae·

161 1535 273 1584 numen.
290 1534 387 1597 Peneg.
406 1533 562 1595 Constantio,
579 1542 620 1586 20.
634 1535 710 1586 iures
756 1537 793 1586 cis
808 1537 925 1585 seruitum
941 1536 1060 1586 matribus
1078 1538 1125 1586 ibo.

160 1631 210 1664 uno
223 1615 298 1679 pacis
314 1615 427 1679 amplexu
443 1613 558 1666 Romana
569 1617 711 1682 respublica
794 1616 912 1682 Goniuqes
928 1617 1191 1682 sororesque‚etiamsi
1198 1617 1309 1668 hostilem

161 1695 287 1760 quidquid
301 1696 381 1746 uariis
398 1704 531 1762 tenuiorum
547 1699 640 1749 vicibus
651 1700 711 1764 suit
758 1697 880 1748 libidinem
904 1693 1036 1763 cffuqiont.
1062 1701 1095 1748 In
1120 1715 1147 1749 re
1169 1701 1214 1750 toli
1230 1702 1308 1764 vulgo

159 1777 306 1828 Rornanum.
758 1782 883 1830 odduntnr
893 1780 978 1843 filiae.
995 1779 1124 1828 Fortasse:
1143 1781 1257 1844 coniuqes
1270 1797 1308 1830 so·

198 1858 240 1910 Hi
259 1876 308 1925 per
332 1858 441 1910 delectus
457 1859 518 1910 alibi
534 1861 653 1910 servituri
669 1875 712 1910 aa·
758 1876 875 1926 roresque
891 1869 915 1910 et
927 1859 1018 1922 filine,
1034 1859 1057 1910 si
1065 1859 1176 1909 hostilem
1184 1861 1308 1912 libidinem

154 1943 290 2007 seruntur.
317 1941 368 2004 Qui
394 1942 421 1991 in
438 1943 523 1992 nastris
541 1942 713 1992 Romanorum
758 1941 890 2006 effuqiant.
917 1941 947 1990 Si
970 1955 1034 2006 quae
1052 1941 1114 2000 sint,
1131 1955 1196 2005 quse
1213 1942 1307 2006 effuge·

131 2081 134 2086 Δ
160 2024 286 2083 militant,
312 2023 344 2071 eb
368 2022 432 2071 irato
459 2021 567 2086 Calgaco
592 2025 642 2073 dici
659 2039 712 2086 pos·
758 2025 817 2074 rint.
852 2023 985 2085 Virginius
1010 2022 1075 2085 apud
1101 2022 1158 2072 Isiu.
1185 2022 1238 2071 111.
1265 2028 1306 2073 50.

161 2110 222 2154 sunt
237 2104 340 2152 seruire.
358 2102 402 2153 Sic
419 2103 558 2154 Eumenius
574 2106 600 2154 in
616 2107 712 2169 Paneg.
759 2101 1307 2169 Neesesuperstitemfiliaesuturumsuisse,

161 2185 320 2244 Constantio,
339 2191 362 2235 9.
381 2182 448 2239 Quin
464 2184 712 2251 etiam‚si(Frisius)
759 2186 809 2234 nisi
833 2201 899 2250 spem
923 2182 1077 2234 ulciscendae
1102 2183 1187 2234 mortis
1211 2183 1265 2234 eius
1281 2186 1308 2236 in

161 2265 201 2316 ad
222 2264 341 2316 delectum
364 2273 476 2325 uocetur,
502 2267 613 2316 accurrit
635 2275 659 2315 et
675 2268 713 2317 ob·
759 2265 854 2316 auxilio
880 2265 1062 2316 commilitonum
1083 2264 1216 2315 habuisset.
1249 2263 1308 2318 Illis

161 2346 256 2412 sequiis
282 2347 385 2406 teritur,
408 2355 433 2395 et
450 2354 518 2412 terqo
535 2356 673 2408 coercetur,
691 2355 714 2398 el
760 2364 854 2412 quoque
878 2348 940 2397 enim
959 2347 1049 2410 filins,
1071 2361 1169 2396 sorores
1185 2347 1308 2411 coniuqes-

161 2429 258 2478 seruire
285 2443 311 2476 se
336 2428 440 2478 militiae
464 2427 556 2476 nomine
579 2428 712 2492 qloriotur.
761 2445 807 2492 que
832 2445 898 2478 esse:
921 2445 964 2477 nec
981 2426 1106 2488 cumfilia
1122 2442 1169 2474 sua
1185 2426 1309 2477 libidinem

163 2510 218 2562 Sca
242 2510 307 2560 illud
332 2508 391 2558 aaut
407 2525 459 2558 nou
476 2516 543 2559 emet
559 2511 712 2560 difficultate.
760 2508 842 2575 Appii
863 2509 962 2560 Claudii
977 2507 1121 2558 exstinctam
1139 2523 1200 2558 esse.

163 2590 273 2641 Auxilia
289 2591 392 2654 quinem
408 2590 714 2654 cohortium,ntlegimns
794 2590 900 2641 Nomine
932 2588 1063 2639 amicorum
1087 2597 1161 2653 atquc
1186 2589 1309 2656 hospitum

163 2673 262 2722 Annei·
289 2672 341 2721 IV.
365 2675 389 2731 5,
407 2686 437 2719 es
454 2687 499 2720 usu
518 2680 651 2736 temporum
668 2672 713 2721 luc
758 2671 910 2737 polluuntur.
933 2672 1040 2722 Etiamsi
1057 2673 1200 2735 adiungitur
1216 2674 1310 2724 nomine

161 2754 224 2805 illuc
245 2753 366 2802 meabant.
384 2751 436 2801 Sed
451 2767 530 2816 quum
547 2753 670 2816 Calgacus
687 2754 714 2802 fi·
760 2755 892 2804 amicorum
916 2763 992 2818 atque
1013 2753 1149 2818 bospitum,
1166 2754 1193 2804 in
1210 2754 1258 2802 hac
1273 2761 1308 2803 ts·

162 2836 212 2885 lios
237 2841 262 2884 et
285 2833 438 2898 propinquos
455 2833 637 2884 Britannorum
653 2833 715 2884 alibi
761 2850 819 2885 men
844 2851 931 2886 neusse
952 2835 1034 2900 pollui
1057 2836 1104 2884 uix
1125 2835 1180 2884 sine
1196 2836 1223 2884 vi
1239 2835 1308 2884 adhi-

161 2933 211 2982 pro
234 2916 354 2966 Romanis
377 2914 527 2964 militaturos
553 2915 627 2974 dicit,
653 2912 714 2963 alibi
760 2918 812 2966 bite
828 2917 984 2980 intelligitur,
1001 2924 1029 2964 nt
1046 2916 1113 2964 Hist.
1132 2916 1185 2964 111.
1203 2921 1244 2964 41.
1259 2913 1312 2964 Sed

161 2999 308 3050 ndinnmum
335 3011 389 3047 esse
412 3002 508 3059 oportet
525 2996 557 3044 ed
573 2996 714 3058 augendam
763 2995 856 3046 Valens
880 3012 909 3046 ne
930 2997 956 3044 in
973 3005 1041 3045 tento
1058 2995 1155 3058 quidem
1170 2994 1311 3044 discrimine

161 3079 293 3130 macram
316 3083 341 3127 el
357 3077 531 3141 ignominiam.
558 3076 656 3126 Neutra
672 3091 713 3124 eu·
760 3079 868 3142 infamia
894 3077 992 3136 caruit,
1013 3077 1138 3139 quominus
1154 3089 1245 3140 rapere
1261 3074 1312 3125 illi·

161 3167 220 3210 tam
237 3160 273 3207 sic
289 3165 398 3221 nugetur.
417 3159 525 3207 'li-istius
542 3159 609 3207 enim
626 3163 651 3206 et
665 3163 714 3205 tur·
760 3158 823 3208 citas
847 3157 985 3223 voluptates
1010 3155 1188 3220 adulteriisque
1212 3171 1245 3204 ac
1259 3164 1310 3206 stu·

162 3242 223 3308 pius
248 3240 303 3302 regi
321 3240 429 3290 'debebat
453 3240 547 3300 viden,
573 3239 595 3288 si
617 3238 715 3300 inipso
758 3240 814 3306 pris
836 3239 947 3305 polluere
963 3239 1084 3304 hospitum
1101 3238 1182 3288 domos
1199 3237 1310 3288 credere-

164 3321 303 3372 Bn'tennis
334 3327 420 3371 contre
445 3321 582 3369 Buitnnnos
607 3318 715 3368 militare
762 3330 811 3370 tur.
829 3321 945 3372 Aderant
960 3321 999 3370 vis
1015 3328 1040 3370 et
1056 3321 1169 3384 pecunie.
1188 3320 1241 3369 Po
1255 3319 1309 3384 pol·

162 3407 321 3466 cogerentur.
356 3402 415 3452 Hoc
440 3403 494 3466 ipse
518 3401 594 3451 sentit
611 3407 636 3450 ct
652 3401 715 3449 indi·
761 3401 861 3452 luuntur
878 3403 981 3452 mallem
995 3401 1161 3467 pellicientem
1180 3400 1237 3448 Liv.
1253 3400 1308 3448 ΠΙ.

164 3490 270 3549 gnatum
296 3482 345 3532 nisi
373 3481 459 3534 Gallos
482 3491 507 3532 et
527 3480 660 3532 Germanos
677 3489 714 3541 et,
762 3489 802 3534 44.
835 3481 910 3532 Hanc
941 3483 1058 3546 uirqr'nem
1082 3480 1207 3539 adultam,
1218 3480 1310 3544 forma

161 3563 243 3632 pudet
267 3563 349 3624 dictu,
374 3562 554 3614 Britannorum
566 3563 715 3627 plerosque,
762 3563 929 3624 excellentem,
955 3560 1071 3628 Appius,
1097 3575 1178 3611 amore
1202 3559 1310 3620 ardens,

165 3646 225 3698 iicet
257 3643 417 3695 dominationi
449 3643 546 3694 obenoe
576 3643 717 3707 sanquinem
760 3644 841 3711 pretio
863 3661 894 3694 oe
918 3661 961 3711 spe
975 3643 1091 3710 pellicere
1107 3642 1225 3697 adortum·
1241 3650 1309 3707 post-

166 3726 326 3787 commadent,
343 3725 438 3776 diutius
455 3734 534 3775 tamen
547 3724 628 3774 bostes
644 3739 716 3788 quam
763 3742 835 3790 quam
860 3726 939 3776 omnia
961 3724 1056 3792 pudore
1072 3733 1144 3790 septa
1159 3723 1311 3774 animaduer-

167 3823 266 3870 seruos,
286 3805 343 3870 fide
365 3815 389 3856 ct
405 3806 500 3871 affectu
518 3806 596 3856 teneri
608 3807 716 3871 putatis.
763 3816 842 3868 terat,
869 3807 904 3858 ad
926 3806 1045 3857 crudelem
1070 3807 1247 3872 superbamque
1262 3804 1310 3854 uim

167 3889 258 3954 Neque
283 3890 393 3939 delectus
419 3889 471 3936 sole
488 3892 656 3947 scalconem,
673 3901 716 3936 cur
762 3889 866 3939 animum
883 3889 1009 3939 conuertit.

167 3971 333 4020 wemoster.
342 3967 649 4033 Anserebentnrquoque‚
660 3985 715 4032 quo·
795 3969 871 4020 Bona
879 3973 1050 4036 fortunaeque
1065 3967 1090 4015 in
1098 3966 1214 4016 tributum
1222 3980 1293 4030 nqqe·

167 4067 221 4102 rum
245 4066 355 4116 corpora
378 4066 409 4100 ac
426 4065 523 4108 manus,
539 4048 610 4098 siluis
626 4065 657 4098 ac
671 4065 716 4114 pa·
764 4060 860 4101 rentur.
893 4052 964 4100 Hace
980 4050 1044 4100 mihi
1060 4047 1175 4111 proxime
1197 4047 1230 4096 ad
1245 4046 1308 4096 Mes.

167 4132 267 4182 indibus
292 4130 455 4192 emuniendis,
480 4131 582 4179 uerbera
607 4131 670 4180 iuter
687 4147 718 4180 ac
763 4135 891 4191 accedere,
917 4138 942 4180 et
966 4129 1116 4180 sententiam
1132 4127 1259 4176 intellectu
1276 4127 1310 4176 fn·

167 4212 326 4264 contumelias
334 4213 496 4262 conterebant.
513 4212 628 4276 Denique
636 4213 718 4276 ipsum
762 4214 814 4262 lem
837 4213 928 4263 hebere
952 4213 1077 4261 videntur.
1096 4209 1158 4258 Mes.
1175 4208 1238 4256 bona
1248 4209 1308 4272 sor·

166 4310 307 4358 pronomen
324 4295 393 4344 liin
410 4294 718 4344 tuliconsnnetioneiere
765 4302 838 4342 tunae
863 4307 926 4355 quoe
950 4298 976 4340 et
1000 4289 1027 4340 in
1052 4291 1166 4352 margine
1191 4303 1237 4351 que
1254 4294 1309 4338 tum

167 4379 277 4442 postnlm
301 4377 442 4440 oppositum
464 4375 518 4426 alii.
537 4375 661 4427 coniicio:
680 4374 719 4424 Hi
764 4382 876 4438 nqqernt.
918 4373 995 4423 Unda
1020 4373 1062 4424 alii
1087 4371 1137 4422 slis
1161 4368 1311 4422 effecerunt:

164 4475 213 4524 per
230 4458 353 4525 aruceus,
372 4456 419 4512 alil
429 4458 546 4510 servituri
555 4459 717 4522 auferuntur.
764 4456 825 4506 bona
845 4456 1015 4520 fortunasque
1040 4453 1066 4505 in
1083 4455 1177 4507 tributa
1193 4465 1309 4519 equum,

1183 4542 1212 4587 16
