3130 5308
228 541 290 603 too
656 553 809 601 coaurmr
834 555 942 600 staur

236 749 238 756 '
273 723 376 789 xxii.
414 725 536 791 Tertius
571 723 805 813 expeditionum
842 745 941 786 eunus
973 745 1067 788 notes
1091 739 1198 813 gentas
1223 734 1369 820 aperuit,

228 830 354 894 castatis
386 851 486 918 usque
522 829 560 893 ad
586 830 738 904 Tanaum,
763 827 917 892 aestuario
946 850 1061 894 nomeu
1085 843 1150 908 est,
1176 836 1369 904 nationibus.

229 936 299 1020 Qua
333 934 500 1000 formidine
535 935 635 1000 territi
670 933 773 998 hostes
809 935 1248 1019 quamquamaontlictatum
1272 943 1372 1008 saetis

227 1176 290 1226 quos
307 1161 441 1224 alloquitur
458 1161 604 1210 Beudovica
621 1163 686 1225 apud
699 1160 776 1208 Dion.
823 1172 875 1206 non
900 1161 1015 1222 probasse
1040 1162 1146 1214 videtur.
1170 1167 1308 1219 Britannos
1325 1173 1372 1221 sal·

229 1240 298 1291 Cass.
317 1241 411 1291 LXII.
429 1247 453 1291 6.
471 1241 570 1304 Regina
587 1241 776 1304 Romanospro-
822 1245 873 1288 tem
890 1239 1005 1302 deceptos
1021 1253 1075 1290 esse
1092 1247 1217 1306 agnoscit,
1234 1249 1372 1313 imperitos,

226 1329 281 1386 pter
304 1337 379 1372 usum
403 1324 552 1373 balneorum
577 1329 601 1372 et
626 1323 776 1385 elegantiam
822 1321 865 1384 qul
882 1322 1022 1383 putaverint
1038 1336 1091 1371 esse
1102 1324 1373 1395 humanitatem‚quae

224 1405 398 1454 conviviorum
414 1419 447 1453 nc
463 1405 530 1453 virm
547 1404 648 1469 quidem
661 1404 776 1466 putabat:
823 1408 887 1451 esset
902 1415 989 1450 revera
1004 1418 1061 1465 pars
1078 1408 1212 1457 servitutis.
1247 1411 1370 1462 Wextusa

228 1489 256 1537 et*
273 1501 305 1547 ys
325 1484 372 1532 sal
390 1482 494 1552 ἄνδρας
504 1486 556 1550 χρὴ
567 1483 662 1532 καλεῖν
672 1481 776 1550 ἀνθρώ·
825 1483 912 1533 οΟυνο
938 1498 970 1532 ne
997 1485 1112 1534 Tacitum
1137 1495 1208 1550 putes
1234 1489 1373 1553 Agricolae

226 1581 294 1622 πους
311 1565 399 1615 iidata
413 1567 511 1633 θερμῷ
529 1563 702 1625 λουομένους,
721 1562 776 1622 ὄψα
822 1565 847 1612 id
872 1565 934 1613 vitio
958 1571 1053 1614 vertere
1070 1567 1190 1628 voluisse,
1207 1572 1275 1633 quod
1290 1573 1372 1636 reipu-

227 1648 366 1697 csaoacad
384 1647 546 1713 ἐσθίοντας,
566 1637 639 1694 οἶνον
655 1645 776 1713 ἄκρατον
822 1645 900 1694 blicae
934 1646 1062 1696 Romanae
1086 1649 1195 1700 rationes
1221 1651 1372 1715 flagitarent.

225 1730 371 1792 πίνοντας,
397 1729 473 1796 pipp
497 1727 697 1789 ἀλειφομένους.
715 1729 777 1779 Alia
823 1723 944 1776 Similiter
968 1726 1037 1774 Hist.
1061 1728 1110 1778 IV.
1129 1735 1169 1778 60.
1188 1729 1385 1782 Germanorum·

226 1819 279 1862 erat
300 1813 363 1862 ratio
381 1811 577 1871 Germanorum,
594 1826 655 1875 quos
673 1811 775 1860 Tacitus
820 1808 931 1870 legatum
955 1808 1078 1857 dicentem
1099 1809 1171 1859 iacitz
1189 1811 1305 1862 instituta
1321 1814 1374 1864 cai-

225 1895 251 1943 in
278 1893 363 1946 Germ.
382 1899 413 1943 22
431 1894 516 1943 scribit
532 1893 628 1956 saepius
645 1893 724 1941 calida
740 1891 774 1940 ia·
822 1895 917 1950 tumque
930 1888 1043 1952 patrium
1059 1890 1185 1949 resumite,
1202 1893 1317 1958 abruptis
1330 1911 1371 1944 uo·

226 1976 295 2038 vari,
319 1982 348 2025 ut
373 1974 444 2040 apud
464 1991 523 2039 quos
545 1973 678 2039 plurimum
700 1973 775 2022 hiems
822 1967 974 2032 laniatibus,
998 1969 1085 2032 quitus
1109 1968 1219 2022 Romani
1240 1973 1300 2039 plus
1325 1977 1372 2026 ad·

226 2066 339 2123 occupat,
363 2058 460 2106 Eadem
476 2070 537 2106 vero
554 2056 723 2105 delenimenta
738 2055 773 2102 vi.
820 2065 906 2097 uersus
930 2050 1049 2098 subiectos
1074 2067 1146 2113 quam
1168 2055 1244 2103 ortuis
1259 2055 1372 2106 calent?

225 2139 318 2187 tiorum
342 2144 428 2202 postea
449 2138 476 2186 in
493 2137 578 2185 castris
595 2135 717 2185 Romanis
734 2151 774 2199 ap·
821 2131 954 2193 Agricola,
971 2133 1059 2192 credo,
1076 2133 1174 2196 publice
1191 2137 1371 2202 agebat,quod

225 2221 352 2281 parebant.
386 2217 514 2266 Adrianus
539 2217 686 2280 imperator,
712 2223 774 2265 teste
819 2214 936 2276 privatim
952 2228 1003 2262 non
1021 2215 1118 2276 egisset.

226 2299 303 2347 Aelio
320 2297 454 2362 Spartiano
471 2311 523 2360 cap.
545 2301 583 2355 1⁰,
605 2295 727 2345 Triclinia
744 2295 774 2344 de
857 2292 1241 2358 Tertiuscapeditionumannus.
1260 2299 1373 2349 Wexius

226 2379 318 2428 castris
335 2387 358 2427 et
372 2379 486 2444 porticus
503 2385 527 2425 et
544 2385 646 2441 crpptos
663 2385 686 2425 et
704 2377 773 2443 topic
819 2381 888 2437 putat
912 2375 953 2423 hic
978 2391 1065 2424 canum
1088 2377 1149 2437 dici,
1167 2393 1219 2428 nou
1236 2387 1370 2440 aestatem,

224 2459 311 2510 diruit.
330 2458 419 2509 Aelius
437 2458 631 2520 Lampridiusin
642 2458 773 2508 VitaAle-
819 2455 878 2518 quia
886 2456 980 2503 bellum
987 2456 1035 2504 hoc
1044 2472 1110 2506 anuo
1121 2460 1196 2507 etiam
1204 2474 1247 2524 per
1254 2460 1368 2509 hiemem

224 2541 316 2589 xandri
342 2539 443 2598 Severi,
469 2539 586 2588 dicentis:
611 2539 701 2588 milites
722 2538 773 2588 Iic-
818 2543 916 2598 gestum
933 2538 972 2586 sit.
991 2538 1078 2586 Potius
1095 2541 1241 2589 crediderim
1251 2541 1370 2590 Tacitum

223 2621 290 2670 mani
314 2629 411 2678 amant,
430 2626 532 2682 potant,
551 2619 646 2679 lauant,
668 2619 772 2670 Graeco·
819 2617 905 2666 fecisse
930 2619 962 2666 ad
982 2619 1121 2668 orationem
1137 2620 1290 2668 variandam.
1310 2622 1371 2684 Ipsa

223 2717 278 2749 rum
301 2715 367 2749 mors
384 2699 457 2747 etiam
475 2698 574 2761 qnidam
590 2715 617 2748 se
633 2701 771 2750 instituunt.
820 2699 952 2761 Agricola,
986 2701 1088 2748 vastatis
1121 2713 1198 2763 usque
1222 2701 1254 2748 ad
1280 2701 1367 2751 Taum

260 2781 338 2838 Quum
352 2796 417 2846 pars
437 2779 564 2829 servitutis
582 2791 652 2830 esset.
671 2783 771 2846 Lipsius
818 2780 972 2839 nationibus,
1004 2781 1188 2844 expeditionem
1212 2781 1272 2828 anni
1297 2782 1368 2832 tertii

223 2863 256 2911 ad
280 2877 358 2910 unam
384 2860 521 2909 editionum
547 2874 661 2927 suarum,
686 2865 772 2926 quales
817 2861 906 2910 finivit.
933 2862 1003 2910 Ante
1025 2862 1136 2910 hiemem
1151 2861 1251 2911 castella
1266 2864 1365 2924 posuit,

223 2957 277 2992 esse
293 2943 320 2992 in
338 2941 496 2991 Bibliotheca
511 2940 770 2994 Academiaeuostrae
817 2956 846 2991 ea
863 2944 952 2992 annuis
969 2943 1045 3006 copiis
1061 2943 1182 3002 firmavit,
1200 2943 1258 2991 inde
1270 2944 1367 2994 fiebant

222 3024 338 3085 memini,
365 3024 494 3073 annotavit
511 3039 563 3071 crs.
581 3023 770 3088 Coniecturam,
817 3023 1363 3088 eruptiones.Porrosibiquisqueeratprae·

221 3111 343 3169 quantum
368 3106 457 3165 sciam,
479 3119 530 3153 non
548 3107 633 3155 edidit.
652 3107 769 3172 Amplius
816 3105 886 3154 sidia.
915 3105 1035 3168 Agricola
1059 3120 1110 3154 non
1136 3105 1234 3165 aderat,
1260 3107 1304 3156 sed
1325 3107 1363 3156 hi·

127 3245 130 3252 *
220 3187 341 3248 cogitanti
371 3201 422 3233 non
452 3186 572 3247 placuisse
596 3189 702 3237 videtur.
736 3191 769 3238 Et
816 3201 897 3234 cmem
913 3187 972 3235 alibi
997 3201 1054 3234 cum
1076 3187 1187 3236 exercitu
1202 3189 1363 3250 transigebat.

217 3280 283 3330 pars
308 3266 387 3329 aptior
412 3267 548 3314 sententiae
565 3273 610 3314 est.
627 3265 679 3314 Ars
695 3269 769 3318 serai-
816 3267 918 3315 Tacitus
944 3273 969 3316 et
992 3267 1018 3315 in
1035 3282 1088 3330 cap.
1107 3271 1139 3316 24
1165 3267 1261 3329 scripsit
1278 3267 1364 3330 quinto

221 3345 283 3396 tutis
316 3345 439 3410 significat
472 3354 562 3405 artem,
587 3362 636 3411 qua
661 3348 769 3399 Romani
816 3345 993 3412 expeditionum
1018 3363 1089 3397 anno.
1112 3348 1200 3411 Neque
1217 3347 1252 3396 ibi
1269 3361 1366 3398 memo·

221 3430 367 3487 utebantur,
384 3434 413 3475 ut
425 3428 528 3491 populos
536 3441 580 3490 per
588 3429 769 3481 humanitatem
814 3435 883 3477 ratur
898 3430 993 3478 bellum
1008 3430 1091 3478 hieme
1106 3431 1287 3480 continuatum.

220 3525 319 3574 quoque
336 3510 436 3558 seruitio
453 3507 645 3569 assuefacerent,
659 3518 769 3574 quaarte
848 3507 937 3557 Novas
961 3518 1044 3573 pentes
1061 3512 1170 3574 aperuit.
1188 3512 1275 3562 Antea
1290 3517 1363 3577 quasi

222 3592 340 3649 servitus,
357 3592 429 3652 quasi
444 3592 497 3653 ipsa
513 3591 663 3649 dominatio,
678 3593 769 3641 eosde-
815 3592 922 3650 clausas,
939 3592 990 3640 iam
1006 3597 1131 3655 patentes,
1149 3593 1253 3656 ideoque
1278 3596 1362 3657 cogni·

221 3670 336 3734 cipiebat.
363 3670 415 3718 Sed
441 3670 592 3731 hamanitas,
619 3673 707 3721 callide
725 3688 769 3737 per
814 3680 859 3721 tas.
883 3673 984 3721 Tacitus
1002 3671 1119 3723 German.
1140 3680 1161 3723 l.
1185 3673 1293 3739 Cognitis
1311 3675 1363 3738 qui·

221 3760 300 3800 artem
329 3751 430 3800 inducta
456 3757 480 3800 et
505 3759 616 3815 accepta,
650 3755 768 3802 efficiebat
814 3753 913 3802 busdam
929 3753 1052 3817 pentibus,
1070 3771 1100 3803 aa
1117 3755 1228 3818 rapidas,
1246 3756 1363 3820 quosbei·

220 3841 317 3900 partem
339 3833 471 3882 servitutis.
490 3833 581 3895 Virgil.
601 3833 668 3882 Aen.
687 3835 724 3883 ΙΙ.
743 3840 766 3884 5.
815 3835 862 3884 ium
883 3835 990 3900 apernit.
1012 3836 1056 3884 ubi
1071 3837 1143 3898 plura
1159 3837 1320 3901 interpretes,
1338 3845 1365 3888 at

221 3913 339 3978 Quaeque
355 3914 409 3978 ipss
425 3913 562 3963 miserrima
578 3913 643 3972 vidi,
661 3911 697 3962 Et
712 3932 768 3978 quo·
815 3915 883 3966 Cort.
902 3917 934 3964 ad
950 3918 1044 3965 Lucan.
1064 3917 1085 3965 I.
1105 3922 1161 3966 465.

219 4014 273 4046 rum
295 4012 361 4061 pars
381 4011 469 4058 mopnc
489 3993 546 4058 sni.
573 3995 653 4043 Tacit.
680 3996 766 4059 Agric.
809 3991 811 3998 ’
852 3995 968 4045 Vastatis
984 3997 1104 4060 usquead
1123 3997 1365 4050 Tanaum-nationi-

220 4083 261 4128 45.
279 4075 427 4141 Praecipua
444 4077 486 4124 sub
504 4073 767 4126 Domitianomiscria·
814 4079 864 4126 bus.
893 4076 1052 4142 Oudendorp.
1071 4081 1103 4128 ad
1120 4079 1236 4130 Frontin.
1254 4081 1363 4144 Strateg.

219 4175 352 4224 rumpere
368 4165 423 4205 erat
439 4155 524 4206 cidere
541 4166 565 4205 et
581 4155 687 4222 adspici.
706 4157 767 4209 Oro·
814 4160 836 4206 I.
864 4163 886 4207 6.
913 4167 1013 4207 uastare
1038 4158 1127 4209 lostam
1151 4163 1257 4211 vocabat
1280 4177 1363 4211 raram

220 4241 270 4290 sius
295 4243 329 4290 V.
358 4245 380 4288 l.
398 4235 469 4286 Pars
486 4239 640 4289 miseriarum
657 4249 706 4299 est,
725 4257 767 4290 au·
813 4239 972 4288 locutionem.
992 4240 1094 4290 Tacitus
1110 4243 1188 4291 utitur
1205 4249 1229 4291 et
1247 4243 1323 4302 alibi,
1337 4250 1364 4292 et

220 4320 287 4378 dire,
314 4319 375 4383 qaid
392 4320 488 4384 suerit.
515 4320 588 4370 Couf.
616 4322 709 4371 Markl.
736 4324 767 4371 ad
814 4319 882 4367 Hist.
901 4320 939 4368 11.
957 4324 997 4370 88.
1016 4320 1113 4370 Seneca
1130 4323 1363 4386 Epist.ll3.Clau·

218 4399 294 4450 Statii
311 4400 374 4449 silv.
392 4402 409 4448 l.
427 4416 452 4448 v.
470 4403 573 4464 epistola
591 4403 622 4450 ad
639 4402 766 4452 Abascan-
813 4399 880 4448 dian.
906 4402 937 4450 de
955 4401 987 4450 B.
1005 4401 1108 4462 Getico,
1135 4409 1192 4453 540.
1212 4401 1283 4468 Ipsi,
1303 4421 1364 4468 quos

219 4480 291 4532 tium.
318 4481 419 4532 Tacitus
439 4487 522 4531 autem
538 4484 681 4534 huiusmodi
698 4491 766 4534 artes
813 4483 918 4532 omnibus
936 4483 1006 4534 annis
1029 4481 1176 4545 Vastabam,
1195 4486 1363 4537 serviredoti.

310 4554 399 4575 h*
