3130 5308
243 531 309 594 120
667 537 818 586 connrtu
844 536 960 583 rrnrrr.

242 709 434 778 vastantibus
468 707 596 775 deluere
633 719 753 786 torrae,
790 717 822 770 et
852 725 939 769 mare
971 713 1164 776 scrutantem
1193 703 1219 766 si
1242 702 1393 793 locuples

239 816 337 883 hostis
371 827 438 894 est,
471 814 577 889 arari,
608 815 634 877 si
656 833 828 903 pauperes,
852 808 1028 885 ambitiosi,
1054 829 1133 896 quos
1156 829 1221 872 non
1248 805 1392 887 Oriens,

239 944 304 988 non
339 917 492 987 Occidens
524 919 692 984 satiaverit.
716 905 719 910 ’
740 916 807 985 Soli
841 915 985 980 omnium
1020 934 1094 1002 opes
1124 924 1220 1000 atque
1242 914 1394 1003 inopiam

238 1028 307 1117 pari
340 1026 455 1092 affeetu
488 1024 728 1114 oonoupisount.
776 1021 927 1098 Auferre,
963 1017 1138 1095 trucidare,
1163 1040 1276 1106 rapere
1298 1018 1393 1083 falsis

238 1130 420 1198 nominibus
454 1129 644 1218 imperium,
679 1139 775 1216 atque
798 1126 854 1191 nbi
878 1121 1081 1190 solitudinem
1105 1122 1246 1200 iaciunt,
1270 1144 1391 1213 paoem

241 1235 414 1326 appellant.

240 1455 298 1504 lust.
316 1453 418 1516 Fragm.
437 1449 488 1500 IV.
505 1465 531 1514 p.
548 1455 605 1500 485.
618 1449 726 1499 latrones
733 1463 789 1513 pen·

241 1534 308 1584 tium.
327 1534 383 1582 Iam
392 1546 425 1581 ex
435 1531 544 1594 Virgilio
553 1529 734 1595 uotisuntlupi
748 1545 789 1577 ro·

237 1623 333 1680 ptores.
351 1611 391 1664 cf.
408 1611 499 1661 Heius.
509 1613 541 1661 ad
548 1613 633 1661 Valer.
643 1611 727 1660 Flaoo.
737 1609 788 1659 VI.

243 1699 299 1755 121,
316 1701 341 1744 et
358 1695 447 1744 Bnrnu
466 1693 497 1742 ad
515 1692 624 1742 Phaedri
641 1691 704 1741 Fab.
722 1691 746 1740 1.
766 1697 788 1740 l.

235 1777 319 1841 saoce
335 1774 447 1839 improbo
464 1771 544 1823 Latro
561 1773 687 1822 incitatus.

279 1855 373 1905 &tacta
396 1855 550 1904 vastantibus
575 1853 680 1918 defuere
698 1862 788 1903 terroe.

242 1936 310 1986 Dicit
334 1937 395 2002 quid
418 1942 529 2000 raptores
545 1937 612 1985 orbis
628 1936 747 1994 fecerint,
765 1943 790 1984 et

241 2033 309 2068 nuno
325 2017 407 2067 faeere
422 2018 587 2077 meditentur,
604 2017 621 2065 i.
636 2031 657 2066 a.
667 2031 718 2064 non
728 2017 790 2064 adeo

221 2165 224 2171 Ι
241 2106 270 2149 ut
290 2107 400 2161 vastent,
416 2114 492 2164 quam
508 2107 536 2148 ut
553 2097 666 2164 spolient.
685 2099 789 2156 Terras,

218 2179 221 2184 ’
242 2182 286 2240 ait,
303 2182 354 2230 iam
370 2181 790 2243 omnesvastarunt‚desunt,quas

243 2266 355 2319 vastent3
370 2275 438 2309 nuno
455 2267 557 2310 etmore
566 2267 722 2320 scrutantur,
731 2275 790 2324 ergo

242 2342 334 2403 vinni,
351 2341 450 2405 siquid
467 2342 493 2390 in
511 2356 541 2390 eo
558 2341 603 2400 sit,
619 2342 791 2404 quodvastare

243 2424 347 2488 possint.
376 2423 447 2472 Hine
464 2435 549 2472 sensus
566 2423 671 2471 idonens
688 2437 739 2472 non
757 2421 790 2472 of-

243 2507 333 2554 ficitur.
350 2504 437 2555 Verbo
452 2511 537 2553 tamen
550 2519 608 2553 oum
617 2512 686 2552 terro
696 2509 720 2552 et
728 2503 792 2552 mori

243 2586 389 2646 coniuncto,
414 2585 621 2648 significationem
642 2585 735 2634 habere
751 2585 792 2634 ‹le-

244 2669 304 2716 bent
320 2681 372 2716 non
389 2667 528 2726 diversam,
546 2667 589 2714 sed
605 2682 670 2730 quaa
685 2667 792 2716 reetead

244 2747 374 2798 avaritiam
398 2746 545 2796 referantur.
565 2745 690 2796 Conilcio:
709 2755 792 2810 rapto·

243 2844 285 2878 rea
301 2828 380 2889 ordis,
394 2835 527 2892 postquam
545 2835 632 2876 concta
648 2827 791 2890 vestiponti-

242 2911 287 2959 dus
313 2907 418 2973 defuere
444 2915 539 2968 terrae,
557 2916 582 2957 et
598 2923 665 2956 moro
682 2916 792 2956 scrutan-

243 3000 292 3041 tor.
328 2989 357 3040 Si
381 2990 422 3039 vel
447 2990 473 3038 in
499 2990 618 3039 extremis
642 2989 792 3040 Caledoniee

242 3074 370 3133 litoribus,
396 3071 437 3120 vel
454 3071 481 3120 in
497 3071 551 3134 ipso
568 3073 632 3120 mari
649 3072 742 3136 aliquid
756 3072 792 3121 in·

243 3156 359 3212 veniant,
376 3153 443 3216 quod
459 3153 572 3214 praedari
589 3154 692 3216 possint.
720 3154 793 3202 Bene

244 3235 292 3282 sibi
315 3233 467 3294 respondent
483 3232 607 3296 vestiqore
624 3240 649 3280 et
665 3233 776 3282 scrutari
785 3271 792 3292 ‚

244 3313 342 3372 minus,
366 3319 467 3360 vastare
492 3317 517 3360 et
534 3311 657 3360 scrutari:
675 3313 711 3361 sio
728 3315 793 3376 apud

244 3392 359 3443 Ciceron.
379 3393 454 3442 Verr.
472 3393 510 3441 II.
521 3397 545 3442 4.
555 3389 587 3440 Ia
603 3389 717 3443 Siciliam
722 3402 792 3458 post·

246 3489 351 3538 anquam
366 3482 494 3534 venerunt,
512 3473 649 3524 mirandum
665 3474 793 3524 inmodate

244 3570 317 3604 canes
337 3555 462 3603 venaticos
479 3554 586 3616 diceres,
604 3557 642 3606 ito
659 3556 792 3606 odoraban-

244 3645 285 3685 tur
310 3635 390 3684 omnio
415 3643 439 3684 et
458 3638 674 3701 pervestipctbant,
691 3647 735 3699 ut,
752 3639 794 3688 ott

245 3715 352 3781 quidque
377 3723 454 3776 esset,
480 3716 569 3780 aliquo
590 3720 687 3768 ratione
704 3719 792 3770 iuveni-

244 3807 307 3848 rent.

278 3877 315 3930 Et
339 3895 406 3928 mare
431 3887 581 3929 scrutantur.
609 3881 722 3931 Kritnius
743 3885 793 3933 edi·

835 1423 917 1506 avari,
931 1445 980 1494 hoo
995 1443 1128 1494 ambitiosi.
1145 1443 1293 1507 Virdungus
1310 1458 1392 1508 quae·

833 1529 916 1586 rebat,
949 1527 1075 1590 quomodo
1107 1524 1216 1589 inopiam
1238 1527 1393 1590 concupive-

834 1609 894 1657 riut.
911 1607 1019 1658 Wexiua
1035 1613 1105 1669 putat
1122 1605 1181 1654 iude
1190 1606 1369 1668 explicandum
1383 1646 1393 1668 ‚

834 1690 893 1753 qnia
918 1695 1013 1738 veteres
1039 1693 1124 1736 emant
1146 1687 1271 1736 contraria
1286 1702 1394 1752 compo·

836 1785 909 1830 nere,
925 1776 954 1818 ut
969 1770 1087 1818 universa
1102 1768 1306 1832 eompleetantnr.
1316 1769 1393 1818 Krit-

835 1853 901 1901 zius:
930 1851 1043 1912 umegnia
1069 1850 1158 1913 opibus
1174 1849 1286 1911 inhient,
1303 1865 1392 1914 noque

834 1947 923 1996 parvas
939 1927 1084 1994 respuunt.''

869 2009 992 2075 Auferre.
1002 2011 1054 2060 Pro
1063 2025 1092 2060 eo
1101 2011 1241 2075 cogitabam
1249 2013 1393 2078 operosor·

836 2110 871 2142 re.
889 2094 958 2142 Nota
974 2091 1083 2140 formula
1099 2108 1115 2141 a
1130 2091 1232 2142 Graecia
1248 2095 1393 2159 desumpta.

837 2175 951 2233 Primus,
968 2173 1055 2233 oredo,
1073 2173 1207 2236 explicavit
1225 2175 1343 2226 Erasmus
1358 2178 1393 2227 in

837 2255 944 2318 Adagiis
955 2251 1050 2316 ἄγουσι
1060 2252 1108 2301 καὶ
1118 2251 1235 2322 φέρουσι.
1248 2257 1315 2306 Turn
1324 2256 1394 2308 Gro-

836 2351 895 2385 nov.
922 2334 1027 2386 Observ.
1054 2337 1108 2385 111.
1135 2341 1180 2396 22,
1197 2339 1315 2401 multique
1332 2339 1393 2391 olii.

837 2417 934 2466 Mirum
959 2418 1051 2467 Latine
1075 2419 1218 2483 plerumque
1243 2419 1291 2467 dici
1307 2420 1395 2484 serre

837 2515 924 2563 apere,
957 2498 1051 2549 Graece
1082 2496 1161 2562 ἄγειν
1187 2497 1285 2565 φέρειν.
1317 2501 1395 2562 Quis.

837 2587 921 2630 tamen
947 2581 1057 2645 sequitur
1082 2597 1186 2646 rapere,
1209 2583 1344 2647 quodiam
1360 2585 1394 2635 in

838 2663 958 2726 auferre,
976 2661 1002 2709 in
1020 2677 1094 2726 opere
1105 2663 1183 2726 ferre
1198 2666 1391 2728 quoqueiueat‚

838 2743 927 2792 melius
951 2749 1004 2792 erat
1020 2743 1068 2792 tria
1085 2745 1203 2796 saevitiae
1219 2759 1312 2808 genera
1330 2760 1393 2794 oon·

838 2825 921 2888 iungi:
947 2824 1039 2885 Urere,
1056 2825 1299 2890 trucidare,ropere.
1310 2826 1392 2888 Virg.

839 2905 907 2956 Aen.
924 2906 963 2955 11.
982 2909 1039 2956 atr.
1056 2907 1161 2973 rapiant
1177 2906 1274 2955 incenso
1284 2907 1393 2971 seruat·

839 3003 886 3050 que
902 2985 1037 3051 Perperna.

862 3067 911 3118 Ubi
935 3067 1090 3118 solitudinem
1100 3069 1222 3135 sociant,
1237 3084 1325 3134 paoem
1342 3084 1390 3134 ap·

834 3149 939 3214 pellant.
957 3150 1038 3200 Utin
1055 3152 1160 3215 singulis
1176 3151 1393 3210 nationibus,ubi

837 3246 902 3280 unus
919 3232 1015 3281 fortiter
1031 3240 1134 3296 regnet,
1150 3248 1207 3298 poor
1223 3238 1275 3291 eat,
1292 3232 1328 3280 ita
1333 3246 1394 3295 pos

838 3313 864 3361 in
889 3315 974 3362 multis
999 3315 1156 3374 nationibus,
1180 3314 1224 3363 ubi
1241 3328 1292 3361 una
1307 3314 1393 3364 omni·

838 3395 884 3442 bus
909 3395 1033 3458 superior,
1059 3410 1100 3445 eas
1117 3397 1144 3445 in
1161 3395 1281 3459 obsequio
1297 3399 1323 3442 et
1340 3407 1393 3442 ser·

837 3476 916 3525 vitute
942 3483 1017 3526 tenet.
1052 3477 1142 3526 Talem
1161 3491 1251 3541 pacem
1278 3473 1392 3524 Romani

838 3558 933 3606 mundo
957 3559 1085 3608 dederant.
1112 3559 1183 3607 Hine
1200 3558 1270 3606 Voll.
1287 3555 1391 3606 Petere.

840 3639 877 3687 11.
896 3643 937 3688 90.
954 3647 1026 3690 vocat
1043 3641 1122 3688 orbem
1139 3648 1263 3688 terrorum
1275 3637 1393 3686 victoriis

840 3718 862 3767 Ι.
881 3718 993 3770 Caesaris
1003 3718 1393 3786 pacatum,quodRuhnksuius

837 3799 1392 3866 recteoorrtraLipsiiconieeturamoiotoria's

835 3892 997 3946 peroqrotam
1013 3889 1105 3933 tuetur.
1134 3884 1250 3933 Tandem
1264 3897 1319 3946 poa
1337 3878 1393 3930 Ro-

243 3963 280 4012 dit
297 3961 346 4012 iam
362 3970 469 4011 otmaro
486 3962 800 4024 excorianturaflatmit,
837 3979 910 4011 mono
942 3965 1010 4014 idem
1035 3965 1176 4028 significare
1201 3963 1294 4027 coepit,
1321 3963 1393 4026 quod

242 4046 286 4111 qui
294 4045 341 4094 hoo
350 4043 431 4094 effecit
447 4058 480 4094 ex
489 4043 573 4092 Vatia.
584 4052 676 4092 terram
684 4053 708 4092 at
717 4060 790 4095 mora.
838 4044 965 4110 imperium
982 4044 1132 4107 Romanum,
1148 4051 1178 4094 ut
1195 4031 1261 4109 apud
1279 4043 1394 4094 Graecos

283 4125 347 4193 Opes
378 4135 452 4190 atque
478 4124 587 4190 inopiam
608 4123 672 4190 pori
696 4125 792 4190 offecto
839 4125 943 4190 εἰρήνη.
956 4127 1064 4198 ΙΤαοίῑιιε
1082 4127 1177 4178 Annel.
1195 4126 1263 4177 XII.
1282 4130 1323 4174 33.
1344 4122 1394 4174 Gn·

243 4208 424 4274 concupiscunt.
451 4205 512 4257 Sive
528 4221 590 4271 gena
608 4207 691 4270 aliqua
708 4209 740 4257 ait
757 4209 792 4258 di·
838 4215 954 4256 ractores
971 4210 1096 4274 transfert
1112 4207 1232 4258 bellumin
1246 4204 1394 4267 Ordouicas,

243 4305 287 4340 ves
311 4291 364 4340 siue
387 4301 494 4354 pauper,
519 4289 623 4352 perinde
650 4295 700 4350 est,
717 4291 793 4339 modo
839 4286 995 4352 additisque,
1014 4289 1057 4353 qui
1071 4304 1159 4354 paoem
1176 4296 1284 4338 nostram
1300 4295 1395 4336 metue·

244 4371 349 4434 spoliare
381 4372 477 4434 possint
501 4371 621 4430 divitem,
647 4373 722 4422 modo
748 4372 793 4420 sub
839 4369 909 4431 dunt,
926 4370 1079 4420 nouissimum
1095 4385 1178 4419 cusum
1195 4369 1333 4434 experitur.
1350 4368 1394 4421 Cf.

243 4447 331 4513 iugum
346 4451 444 4504 mittere
460 4463 600 4517 pauperem.
618 4452 687 4504 Illud
700 4452 794 4503 sscitant
840 4449 951 4505 Gronov.
967 4451 1048 4504 Rutil.
1066 4452 1155 4504 Itiner.
1174 4452 1196 4502 I.
1217 4455 1255 4500 79.
1278 4447 1315 4518 To
1333 4449 1396 4501 Deo
