3134 5310
638 537 811 584 rocroort.
1276 527 1316 587 tr

218 709 287 776 XV.
322 709 472 796 Namque
500 707 641 773 absentie
672 705 770 794 legati
801 717 921 771 remoto
953 717 1059 783 metu,
1083 705 1229 772 Britanni
1252 711 1319 798 egi·

170 831 241 882 tare
262 815 346 880 inter
370 837 402 878 se
425 812 509 877 male
533 813 709 888 servitutis,
734 809 876 876 conferre
899 810 1030 875 iniurias
1052 823 1085 876 et
1109 813 1320 902 interpreten-

170 921 213 985 do
248 917 434 986 accendere.
481 917 570 982 Nihil
600 916 712 1006 profici
735 915 908 1003 patientie,
932 917 994 980 nini
1016 927 1052 981 ut
1075 919 1216 1005 graviore
1241 931 1321 984 tem-

174 1047 271 1114 qunm
306 1046 344 1088 er
378 1022 465 1086 facili
499 1021 707 1088 tolerantibus
740 1021 944 1108 imperentur.
982 1020 1129 1110 Singulos
1160 1023 1220 1088 sibi
1243 1024 1319 1090 olim

175 1153 264 1218 reges
293 1129 409 1202 fuisse,
437 1150 524 1194 nune
547 1127 639 1192 binos
661 1125 799 1214 imponi,
820 1148 838 1191 e
862 1125 977 1213 quibus
999 1127 1122 1215 legatus
1146 1130 1320 1219 insangui-

173 1257 266 1310 nem,
301 1245 488 1323 procurator
522 1235 555 1298 in
586 1233 669 1297 boun
693 1231 835 1295 saeviret.
884 1229 994 1320 Aeque
1018 1231 1206 1298 discordiam
1230 1256 1321 1322 pree-

172 1339 369 1430 positorum,
419 1361 518 1426 aeque
554 1333 757 1403 concordiam
792 1334 940 1402 subiectis
975 1335 1155 1413 exitiosem;
1194 1339 1323 1404 alterius

173 1467 328 1522 menum,
365 1444 584 1520 centuriones,
622 1441 769 1518 alterius,
803 1461 932 1519 serroS,
967 1441 1030 1506 rim
1061 1454 1093 1507 et
1115 1444 1323 1510 contumelias

170 1703 294 1772 peecmdo
302 1703 364 1753 bello
373 1702 536 1754 dividerem.
544 1702 618 1754 Conf.
628 1703 726 1754 Dronk.

175 1789 211 1838 no
226 1785 317 1848 Agric.
335 1790 377 1834 35.

213 1865 290 1916 Vires
306 1864 436 1914 rebelliter
452 1865 637 1915 mirrietrentem.
664 1865 727 1914 Mne.

171 1949 257 1998 vitree.-
275 1946 413 1996 Rhenanus
429 1946 496 1996 mele
503 1947 727 1996 eorrexeretoiroe.

173 2031 211 2079 In
234 2029 329 2078 cirtem
348 2029 488 2090 cogitentur
504 2035 530 2078 et
545 2027 607 2086 viri,
626 2029 652 2078 in
668 2028 729 2076 virio

173 2125 229 2160 non
246 2123 344 2173 semper·
359 2109 435 2158 vires.
469 2109 516 2169 Et,
533 2109 554 2157 ni
570 2109 621 2158 viri
634 2123 730 2171 ponun-

173 2198 217 2240 eur
233 2205 279 2253 pro
296 2189 429 2248 militibus,
446 2191 496 2240 nisi
512 2187 728 2252 rignifieentoiroe

174 2284 238 2320 vere
262 2271 343 2330 rtroe,
355 2271 456 2333 fortes,
472 2270 619 2334 plerumque
635 2268 729 2332 rdiqnid

175 2351 334 2412 adiungitur,
357 2357 387 2398 ut
403 2351 429 2400 in
447 2351 591 2414 Virgilieno
607 2365 679 2398 orme
694 2350 729 2399 oi-

174 2447 293 2495 rrnoqoe,
308 2432 377 2481 unde
393 2439 418 2482 et
436 2434 501 2496 npnd
519 2431 651 2481 Ammirm.
662 2431 729 2480 Mer-

175 2513 239 2562 cell.
255 2512 365 2562 XVIII.
382 2527 407 2576 p.
430 2518 484 2562 129.
502 2513 648 2576 legendum:
658 2527 729 2561 erma

175 2594 296 2656 virosque
323 2595 436 2658 parebat
458 2602 483 2642 et
508 2601 668 2652 commeatus,
684 2607 730 2655 pro

177 2689 252 2723 amn
267 2674 389 2738 viresque.
406 2675 448 2724 Ite
464 2687 537 2738 seepe
551 2675 609 2724 Lir.
618 2680 646 2722 ut
656 2673 730 2722 VIII

178 2761 220 2805 25.
238 2753 317 2804 Arma
332 2755 448 2816 viroeqne
465 2752 730 2818 adbellapollicentee.

177 2837 294 2894 Verbum
318 2835 462 2884 ministrare
486 2849 528 2884 me
544 2849 596 2884 non
613 2835 730 2894 offendit,

177 2923 208 2967 nt
224 2918 350 2966 eruditum
365 2917 526 2978 interpretem
538 2915 652 2964 offendit.
673 2916 732 2966 Vir·

177 2997 224 3060 gil.
242 2998 257 3046 1
275 2998 344 3046 Aen.
361 3001 416 3046 lto·
428 2997 510 3060 furor
518 3013 589 3046 ormo
596 2997 730 3046 ministrat.

178 3077 241 3127 Vel.
267 3077 373 3146 Fleeoue
398 3077 452 3136 IV,
470 3083 494 3128 8.
511 3077 548 3126 eie
564 3093 648 3136 orme,
664 3077 731 3126 viros

771 1705 827 1754 vine
849 1705 877 1752 in
893 1705 978 1754 multis
994 1704 1138 1754 hmuemodi
1154 1707 1323 1766 crettonibue,

773 1791 798 1833 et
823 1785 925 1834 Tacitus
950 1786 1011 1848 ipse.
1045 1785 1178 1849 Nueqnem
1194 1793 1279 1836 eutem
1295 1788 1323 1836 in

773 1878 802 1912 eo
835 1865 949 1914 invenies
982 1866 1131 1916 inditeoturn
1163 1867 1257 1916 direeto
1288 1867 1324 1916 eie

773 1947 913 2009 abruptum.
947 1947 1064 1996 Britanni
1071 1947 1207 2010 loquuntur
1215 1949 1246 1996 de
1253 1959 1324 2011 pree·

774 2028 838 2076 eenti
862 2041 946 2075 rernm
971 2033 1050 2086 stetu,
1067 2028 1094 2076 irr
1111 2043 1162 2091 quo
1176 2033 1323 2078 rereentnr:

774 2107 838 2156 nihil
859 2106 967 2170 profici,
984 2107 1056 2156 binoe
1073 2107 1177 2172 imponi,
1199 2109 1253 2158 vim
1269 2109 1324 2158 orie·

774 2202 836 2236 cere.
863 2185 915 2236 Fue
940 2187 1047 2238 directe:
1072 2187 1137 2238 nihil
1160 2189 1323 2253 proficitur,

773 2269 827 2318 bini
843 2268 1011 2332 imponuntur,
1028 2270 1082 2319 vim
1097 2271 1213 2327 ertiooerrt,⁸
1222 2278 1277 2322 turn
1291 2286 1325 2322 ex

774 2349 870 2398 saevire
887 2347 1028 2399 feriendum
1045 2358 1098 2400 eret
1113 2352 1203 2400 suerit.

792 2431 906 2482 Alterius
922 2446 1030 2490 manum,
1044 2430 1325 2492 centurionee‚elterine

774 2530 871 2573 tereos,
895 2514 951 2562 vim.
978 2513 1010 2560 In
1028 2511 1091 2560 Men.
1109 2512 1214 2562 nitetur
1229 2527 1325 2562 merrom

775 2595 939 2654 centuriones,
964 2591 1069 2642 alterius
1093 2608 1177 2643 rer-voe
1200 2594 1256 2644 vim.
1290 2595 1325 2644 In

777 2679 826 2726 Mn
844 2677 872 2723 Γ
889 2681 1016 2739 praetereo
1031 2689 1141 2736 monem,
1155 2677 1324 2726 etinPuteol.

775 2775 868 2808 mortue.
887 2758 943 2820 Ego
959 2757 1002 2805 hio
1019 2756 1098 2816 edidi,
1115 2758 1183 2821 quod
1198 2757 1251 2808 iem
1263 2758 1326 2807 olim

776 2841 936 2889 contererem.
973 2837 1104 2887 Sententia
1128 2837 1254 2888 facillime.
1277 2839 1326 2888 Le·

776 2928 848 2985 gntus
865 2926 890 2970 et
903 2918 1326 2983 proometorhebentenesqnieqne

776 3015 878 3060 menne,
895 3013 952 3048 enee
960 2999 1086 3046 ministros
1095 2999 1268 3057 etudintorem
1282 3000 1326 3062 qni

777 3083 896 3132 mandate
911 3079 1050 3142 perficiunt.
1073 3076 1169 3126 Menoe
1183 3079 1327 3142 legetieunt

180 3157 311 3220 sociosque
325 3158 458 3207 ministrat.
777 3161 943 3219 centor-iones,
969 3173 1054 3206 menete
1078 3160 1243 3222 procuratoris
1268 3167 1328 3210 mne

214 3233 295 3286 Nunc
318 3238 384 3286 binos
406 3239 505 3304 imponi.
525 3239 614 3290 Livius
630 3241 686 3290 III.
705 3246 728 3288 9.
777 3243 851 3292 cervi.
874 3241 1033 3291 Centuriones
1050 3245 1075 3290 et
1091 3241 1327 3292 eereiinreeedern

181 3316 286 3384 Qut-'qipa
301 3317 362 3366 deor
374 3335 423 3384 pro
440 3335 488 3367 eno
506 3319 600 3368 domim
608 3327 731 3386 accepto-t,
757 3327 758 3330 ’
777 3324 962 3388 coniunguntur
980 3321 1076 3370 Annei.
1087 3322 1164 3371 XIV.
1174 3323 1255 3372 3l.de
1265 3324 1326 3372 Pre-

179 3399 357 3459 immoderete,
374 3400 475 3460 infinito
488 3408 622 3464 potestate.
777 3412 877 3467 mtego,
895 3405 1021 3452 Boediene
1037 3403 1138 3464 reginae
1146 3404 1245 3451 merito.
1266 3402 1327 3452 Gae-

214 3479 243 3528 Ε
258 3481 347 3544 quibue
365 3479 469 3544 loqutus.
504 3482 626 3534 nmestus
644 3496 733 3531 verum
777 3501 857 3534 sorem
882 3482 1010 3532 haeredem
1034 3480 1144 3544 densque
1164 3481 1242 3543 filine
1264 3483 1326 3532 ecri-

179 3568 251 3626 pntet
277 3563 395 3626 equibus
413 3561 518 3625 leqntom
534 3561 561 3610 in
577 3562 730 3626 sanquinem,
774 3574 876 3631 pserot,
900 3563 946 3613 toli
962 3562 1077 3626 obsequio
1092 3570 1164 3610 rotor
1179 3578 1327 3628 requiemque

177 3651 369 3708 procuratorem
385 3641 732 3692 iedoooeoevire:nemnon
778 3654 802 3695 et
826 3645 919 3695 domem
944 3659 1013 3692 eoam
1036 3643 1125 3708 procul
1140 3645 1234 3694 iniuria
1244 3647 1325 3710 sore,-

180 3741 212 3778 eo
227 3723 731 3792 eonsilioimponebentnr,utraevirentr
778 3726 845 3792 quod
869 3734 956 3776 contro
979 3724 1070 3774 vertit.-
1095 3725 1158 3775 adeo
1182 3733 1211 3776 ut
1227 3743 1326 3793 repetem

181 3816 207 3860 et
230 3810 381 3860 nominetivi
405 3807 560 3872 portularent
584 3813 611 3853 ut
627 3804 732 3853 saeviet.
774 3825 824 3874 per
840 3807 1005 3865 centuriones,
1022 3805 1106 3856 domus
1118 3822 1169 3872 per
1182 3821 1326 3868 eervoe,oe·

181 3889 257 3939 Idem
272 3889 337 3939 mihi
352 3889 458 3938 ridetur.
476 3887 585 3938 Librarii
599 3899 672 3949 saepe
680 3900 732 3934 ore·
779 3889 815 3938 tor
832 3897 922 3954 eapte,
938 3895 1105 3936 vastarentur.
1132 3885 1238 3948 Mereor,
1255 3895 1284 3937 ut
1297 3889 1324 3937 in

180 3970 278 4020 tionem
294 3970 442 4019 moiroctem
457 3969 581 4018 fneiebent
597 3969 732 4026 directam,
779 3968 907 4020 Ciceronis
923 3970 941 4017 l.
958 3983 1034 4032 quem
1050 3969 1101 4017 iarn
1110 3967 1251 4017 Gronovius
1259 3983 1325 4018 eom·

180 4051 227 4100 ubi
252 4063 282 4098 ee
306 4065 364 4098 eum
387 4051 536 4113 pronomine
559 4049 664 4099 reletivo
680 4055 733 4098 eret
778 4052 888 4114 pererit,
911 4050 938 4098 in
955 4051 1029 4100 Verr.
1047 4050 1085 4099 11.
1106 4053 1144 4098 10.
1167 4046 1270 4098 Comites
1286 4049 1326 4100 illi

181 4133 323 4182 coniuncte.
350 4132 408 4181 LIr.
435 4130 531 4182 XXII.
557 4135 597 4178 34.
626 4126 671 4178 Oui
687 4145 733 4178 non
779 4132 816 4180 toi
837 4130 926 4180 delecti
946 4145 1032 4180 manoe
1052 4139 1123 4180 erem
1145 4137 1209 4178 tene.
1244 4128 1326 4180 Proe-

182 4217 327 4278 epporere?
346 4213 404 4262 Hoc
412 4211 574 4263 mutereutin
583 4219 732 4275 appareret,
773 4212 858 4276 secti,
884 4211 993 4271 emitae,
1018 4211 1119 4270 medici,
1144 4225 1230 4260 morerer
1254 4220 1327 4262 eram

183 4301 210 4344 et
233 4302 368 4360 appareat.
412 4293 555 4344 Gronovius
580 4291 733 4342 infinitivum
779 4301 845 4341 terere.
880 4291 956 4351 Adde
983 4289 1057 4341 Orid.
1084 4291 1188 4340 Metam.
1215 4292 1249 4343 V.
1267 4297 1325 4345 eet.

183 4376 249 4424 inter
273 4389 363 4424 omnes
386 4381 482 4425 eeteros
505 4371 643 4423 infinitivoe
665 4373 733 4423 recti·
779 4370 873 4431 nno,
897 4386 1030 4435 monesque
1054 4386 1134 4430 mene,
1159 4387 1225 4435 mea,
1251 4385 1325 4436 nete,

183 4457 232 4506 tuit
256 4470 290 4508 ex
314 4456 459 4506 melioribus
486 4455 547 4503 Mes.
584 4453 617 4500 ut
639 4453 674 4503 sle
691 4454 733 4503 Li·
776 4454 897 4518 potentia.
931 4453 1028 4504 Auctor
1053 4453 1155 4517 Elegiae
1180 4456 1212 4504 de
1229 4456 1326 4506 Maece·
