3134 5310
245 525 287 585 tt)
662 535 817 586 cosroen
842 540 953 586 raeiri

246 707 345 784 liber,
371 707 484 772 honori
507 705 671 796 Agricolae
694 708 792 773 soceri
814 707 877 772 mei
900 707 1092 790 destinatus,
1117 713 1308 802 professione
1320 720 1393 808 pie·

244 814 317 879 tatis
337 825 392 878 aut
415 812 560 877 laudatus
583 813 643 878 erit
666 825 720 878 aut
743 825 917 878 excusatus.
1276 815 1278 820 ’

244 1030 389 1090 consilium,
405 1036 434 1078 ut
450 1030 791 1094 postAgricolam‚primum
837 1031 880 1079 ber
905 1029 1041 1080 destinatus
1067 1033 1157 1082 honori
1176 1034 1321 1098 Agricolae,
1339 1041 1391 1088 edi·

243 1111 405 1162 Germaniam
413 1114 694 1174 composuerit,tumde
702 1111 790 1171 Galba,
836 1118 876 1160 tna
900 1125 931 1162 eo
954 1113 1099 1175 praesertim
1123 1117 1241 1178 consilio,
1264 1125 1294 1167 nt
1311 1118 1390 1184 Agri

243 1191 358 1251 Othone,
380 1193 501 1252 Vitellio,
520 1194 690 1258 Vespasiano,
717 1195 789 1252 Tito,
836 1195 891 1243 cola
914 1195 1091 1256 honoraretur,
1109 1200 1259 1261 compositus
1276 1203 1340 1251 adeo
1357 1204 1391 1252 de

241 1289 270 1324 ac
286 1275 432 1324 Domitiano
448 1276 599 1338 exposuerit.
618 1277 790 1338 Principatum
836 1275 949 1324 laudibus
978 1273 1122 1340 Apricolue.
1159 1279 1261 1330 Tacitus
1285 1283 1390 1346 quidem

240 1358 342 1408 Nervae
365 1358 456 1407 addere
480 1357 608 1420 puniisset.
635 1357 687 1406 Sed
705 1358 789 1405 Traia
835 1356 915 1406 facere
932 1372 983 1406 non
1001 1359 1096 1421 potuit,
1113 1360 1174 1422 quin
1192 1375 1390 1414 socerumsuum

240 1455 288 1490 uus
312 1440 429 1498 vivebat,
446 1445 472 1487 et
496 1440 595 1488 brevius
608 1439 789 1500 imperaverat,
835 1452 907 1500 saepe
922 1438 1043 1488 laudaret.
1062 1438 1113 1488 Sed
1130 1455 1205 1490 nemo
1222 1457 1249 1492 se
1263 1444 1390 1497 factnmm

240 1535 316 1585 quam
340 1525 369 1569 ut
392 1521 444 1568 iam
468 1535 536 1568 nunc
561 1521 593 1568 de
609 1525 679 1582 patra
696 1525 721 1566 et
737 1519 792 1566 filio
834 1519 976 1580 profitetur,
998 1519 1042 1583 qui
1066 1519 1096 1569 de
1111 1521 1165 1570 vita
1182 1532 1206 1572 et
1222 1525 1328 1574 moribus
1345 1541 1390 1576 ex·

240 1602 347 1654 scribere
371 1607 467 1664 posset,
492 1615 556 1664 quae
579 1601 656 1649 vellet
672 1615 701 1648 ac
717 1600 788 1648 debe·
834 1600 958 1662 positurus
975 1601 1020 1659 sit,
1038 1602 1093 1660 vel,
1110 1604 1178 1666 quod
1191 1605 1389 1669 simpliciusiam

239 1689 286 1734 ret.
309 1683 377 1745 Ergo
394 1683 468 1732 istam
483 1684 614 1732 materiam
630 1682 738 1744 seposuit
754 1695 789 1728 se·
835 1681 945 1741 dixerat,
963 1691 1113 1732 narraturus
1129 1685 1206 1734 vitam
1222 1685 1339 1752 defuncti
1348 1689 1389 1739 lto-

240 1765 346 1824 uectari,
372 1770 432 1812 tnnc
452 1763 582 1812 habiturus
597 1764 739 1813 uberiorem
754 1776 790 1810 se
836 1761 915 1812 mirsia
949 1763 983 1812 Et
1009 1765 1041 1814 de
1067 1778 1118 1828 quo
1134 1769 1292 1830 expositurus
1309 1778 1388 1832 esset,

240 1847 419 1910 carioremque.
459 1846 573 1894 Historia
601 1845 713 1894 absoluta
737 1845 790 1894 sine
836 1845 934 1904 statim,
951 1847 992 1895 val
1009 1860 1043 1896 ex
1059 1848 1133 1896 titulo
1149 1849 1219 1908 libri,
1237 1851 1280 1900 vai
1296 1865 1331 1900 ex
1339 1853 1388 1902 ini·

240 1929 316 1978 dubio
340 1928 467 1978 communi
491 1928 605 1976 omnium
627 1925 791 1975 adunatione
836 1926 871 1974 tio
891 1923 991 1976 Grraem
1006 1927 1096 1979 Julius
1112 1927 1247 1994 Apricola,
1265 1939 1348 1980 vetere
1363 1942 1389 1982 et

242 2018 267 2060 et
290 2011 379 2075 plausu
404 2009 790 2073 exceptafuit,re1umquape·
836 2005 931 2056 illustri
955 2015 1002 2058 cet.
1028 2012 1168 2073 apparebat.
1194 2012 1275 2062 Porro
1291 2014 1388 2064 adiecta

241 2093 284 2141 riti
316 2092 425 2150 iudices,
450 2092 515 2154 ipse,
540 2091 627 2150 credo,
654 2089 790 2145 Traianus,
836 2088 931 2138 mentio
954 2090 1033 2138 soceri
1050 2091 1089 2138 sui
1105 2091 1233 2154 ingratum
1251 2096 1387 2158 quemdam

241 2188 300 2222 eum
324 2173 449 2222 adhortati
473 2178 544 2230 sont,
568 2177 610 2229 ut,
636 2171 680 2234 qui
695 2175 791 2232 partem
836 2167 976 2230 legentibus
1010 2171 1107 2222 timoris
1140 2187 1242 2224 sensum
1266 2175 1386 2240 inspirat,

240 2254 359 2302 historiae
400 2254 552 2316 principatus
585 2258 638 2300 tam
666 2251 791 2314 praeclare
836 2263 868 2298 ne
893 2253 993 2300 veritati
1018 2253 1145 2304 officiatur.
1181 2255 1210 2306 Si
1234 2257 1297 2306 liber
1322 2267 1387 2308 esset

241 2334 432 2396 composuisset,
449 2334 553 2382 alteram
569 2339 679 2396 partem,
696 2333 728 2380 ab
737 2331 791 2380 Au·
837 2331 928 2391 Plinii,
953 2333 1023 2396 isque
1049 2335 1138 2384 Tacito
1162 2338 1283 2398 misisset,
1309 2341 1387 2390 dixis-

242 2421 317 2478 gnsto
341 2417 373 2464 ad
398 2414 506 2465 Galbam
531 2415 640 2463 adderet.
667 2413 739 2462 Fecit
764 2413 790 2461 in
837 2419 934 2476 setqne:
962 2413 1015 2464 Hie
1040 2416 1138 2466 iuterim
1156 2417 1230 2478 liber,
1248 2418 1333 2470 boaort'
1349 2438 1386 2470 so·

242 2497 394 2546 Annalibus.
422 2496 486 2556 Sed,
502 2501 531 2544 ut
547 2497 574 2544 in
592 2495 712 2545 Historiis
729 2509 790 2544 nou·
837 2495 888 2543 ceri
927 2496 965 2544 tur'
1003 2495 1154 2557 destinatus,
1188 2513 1263 2550 nemo
1301 2502 1387 2567 inique

241 2579 312 2627 nulla
336 2579 522 2641 praemonenda
538 2592 592 2626 essa
609 2578 790 2634 arbitrabatur,
836 2576 920 2626 ferret.

241 2661 279 2708 ita
300 2659 517 2708 verosimillimum
542 2665 579 2708 est
601 2673 659 2706 eum
677 2657 791 2706 Annales
854 2657 940 2722 Atque
964 2659 1000 2708 ita
1024 2661 1263 2722 literatissimum,
1284 2664 1388 2726 quidet

242 2757 293 2791 non
319 2743 373 2790 sine
397 2739 549 2805 praefatione
574 2740 692 2797 edidisse,
714 2738 791 2802 expli·
837 2754 912 2802 quare
937 2741 1000 2790 mihi
1025 2742 1052 2790 in
1077 2743 1182 2791 exordio
1206 2743 1281 2792 huius
1306 2745 1388 2794 libelli

241 2830 297 2872 outa
312 2823 457 2886 praesertim
474 2835 573 2880 caussa,
590 2835 634 2868 our
649 2819 718 2883 prius
733 2820 791 2868 His·
836 2823 1068 2884 reprehendendum
1092 2825 1226 2874 videratur.
1260 2825 1321 2874 Nou
1343 2829 1387 2876 du·

240 2905 437 2964 toriam‚deiude
446 2903 561 2952 Annales
570 2901 713 2965 cripsisset.
721 2901 791 2950 Nun·
837 2902 889 2951 bito
917 2904 1047 2968 plerosque
1077 2906 1125 2954 hoc
1157 2921 1242 2956 meum
1266 2907 1388 2960 iudicium

241 3003 319 3053 quam
344 2987 459 3050 equidem
483 2985 531 3034 hoc
556 2983 620 3032 mihi
644 2984 792 3047 persuadere
836 2985 911 3032 modo
936 2990 1064 3048 tamquam
1088 2987 1210 3046 severius,
1232 2990 1308 3040 modo
1324 2996 1388 3040 tam·

241 3070 323 3134 potui,
356 3067 444 3118 Urbem
461 3065 564 3114 Roruom
581 3082 597 3114 a
611 3064 739 3130 principio
755 3079 792 3112 re·
837 3079 913 3128 quam
937 3065 1041 3126 felsrrm,
1059 3081 1113 3117 esse
1128 3069 1319 3132 improbatores.
1343 3072 1388 3120 Iu·

241 3167 284 3215 pes
309 3151 428 3209 tabuere,
454 3151 549 3197 afficere
573 3148 674 3196 initium
690 3146 747 3195 talis
764 3162 792 3195 ao
837 3153 916 3205 terea,
942 3148 1002 3195 dum
1026 3149 1135 3210 placidus
1162 3156 1186 3198 et
1203 3151 1311 3200 eruditas
1328 3167 1388 3202 con·

241 3231 306 3280 tanti
322 3231 411 3293 operis.
837 3233 876 3274 tra
900 3242 941 3276 me
966 3229 1144 3292 disputationes
1167 3231 1239 3282 avide
1255 3240 1388 3296 exspecto,

277 3311 376 3361 Honori
401 3307 536 3373 Apricolue
560 3308 639 3356 soceri
655 3309 702 3356 mei
718 3307 792 3356 desti·
838 3322 927 3372 easque
957 3311 1036 3359 literis
1060 3312 1152 3360 naamis
1175 3328 1252 3376 quam
1275 3315 1389 3364 maxime

242 3403 324 3444 uatus.
342 3390 792 3453 Glossa.Nemononsentit,quanto
837 3389 979 3450 profuturas
1012 3407 1084 3454 spero
1117 3399 1142 3441 et
1174 3396 1285 3453 confido,
1315 3409 1389 3444 exor-

243 3475 374 3542 grandim,
399 3474 439 3523 his
464 3473 564 3532 deletis,
583 3473 615 3522 sit
635 3471 722 3520 oratio.
750 3471 793 3520 Li·
838 3471 908 3520 dium
926 3473 1014 3522 Tacito
1030 3474 1131 3536 dignius
1148 3475 1254 3526 arbitrtu
1269 3478 1336 3528 tale:

291 3607 456 3673 Clarorum
480 3607 618 3670 virorum
642 3605 724 3686 faeta
749 3627 914 3693 moresque
939 3607 1069 3694 pesteris
1093 3607 1235 3687 trudere,
1261 3632 1389 3678 nenos·

242 3715 298 3780 tris
334 3711 461 3800 quidem
500 3711 693 3802 temporibus
726 3734 917 3800 quamquam
950 3713 1107 3776 incuriosa
1139 3736 1265 3780 suorum
1302 3731 1388 3784 aetas

243 3819 357 3886 omisit.
407 3815 468 3882 Sed
501 3815 583 3906 apud
614 3820 748 3905 priores,
781 3828 816 3880 ut
848 3839 940 3903 agere
961 3831 1137 3883 memoratu
1161 3818 1255 3907 digna
1279 3845 1388 3912 prom-

242 3939 332 4016 ptum
365 3923 527 4011 magisque
558 3922 590 3986 in
624 3934 731 4011 aperto
755 3934 842 4002 erat,
866 3922 909 3986 ita
933 3922 1155 3989 celeberrimus
1181 3926 1314 4014 quisque
1338 3931 1387 3994 in·

243 4033 335 4122 genio
371 4029 410 4096 ad
436 4027 630 4118 prodendam
665 4029 851 4093 memoriam
887 4029 954 4094 sine
988 4031 1088 4116 gratia
1124 4043 1178 4095 aut
1213 4033 1386 4102 ambitione

241 4139 343 4204 bonae
365 4147 489 4200 tantum
514 4134 723 4199 conscientiae
746 4134 847 4223 pretio
871 4133 1057 4200 ducebatur.
1081 4134 1127 4200 Ac
1139 4136 1282 4226 plerique
1295 4163 1385 4208 suam

243 4247 346 4334 ipsum
382 4243 476 4308 vitam
514 4263 641 4306 narrare
672 4239 822 4305 fiduciam
857 4239 960 4329 potius
992 4263 1132 4318 morum,
1169 4265 1264 4330 quam
1298 4268 1387 4311 arro·

247 4350 401 4438 gantiam,
429 4347 572 4412 arbitrati
601 4358 693 4426 sunt3
729 4369 788 4412 nec
809 4343 841 4410 id
866 4345 985 4410 Rutilio
1010 4359 1040 4412 et
1054 4345 1264 4412 Scauroeitra
1287 4350 1385 4418 fidem

247 4469 300 4524 aut
328 4454 548 4519 obtrectationi
571 4453 642 4520 fuit.
670 4453 709 4517 At
733 4452 811 4519 mihi
838 4473 923 4518 nunc
947 4465 1111 4518 narraturo
1136 4454 1231 4518 vitam
1255 4455 1311 4520 diu
1332 4457 1386 4523 de·
